1830 3216
98 109 147 156 194
349 120 384 154 nr
404 120 561 155 rrurrcurr
581 120 644 156 rur.

97 265 171 315 Ante
184 263 255 315 diem
267 260 350 314 *Luna
362 260 467 322 efficiet,
484 261 657 331 Phoebusque
670 265 806 327 tenebras,

98 359 187 420 Quam
200 359 262 411 dive
273 359 404 413 exciderit
415 359 492 420 solio,
508 375 564 427 quo
576 358 630 413 fixe
642 376 693 428 per
705 377 790 416 omne

96 456 226 518 Perstitit,
241 464 269 510 et
281 456 411 524 perstabit
423 457 451 510 in
464 472 546 511 omne
558 457 705 513 immobilis
717 476 814 514 aevum.

265 622 441 684 Cantabrigiae‚
453 623 479 670 in
491 623 606 671 Comitiis
617 623 753 688 prioribus,
768 589 859 675 1706ζῖ-

123 1128 299 1184 rocrrus
329 1127 414 1182 Nou
444 1125 576 1181 rrcrr
608 1123 789 1181 emirum
817 1122 864 1178 ur

185 1273 418 1327 PARTIGULA
438 1253 678 1326 Auumcru‘r
698 1273 801 1328 Bur.

96 1488 159 1540 Nou
174 1505 235 1541 mea
246 1489 371 1542 victrices
384 1489 486 1549 laurus
501 1488 616 1557 insignia
627 1488 699 1550 belli,

96 1584 183 1647 Musa,
199 1601 250 1638 nec
263 1593 363 1654 optatae
376 1603 465 1640 ramos
477 1585 618 1654 praetendit
630 1586 725 1646 olivam

96 1681 291 1735 Grammatiees
303 1683 405 1736 ambire
418 1683 504 1735 tribus
517 1689 545 1735 et
557 1681 661 1750 pulpita
674 1696 767 1751 cogor,

95 1776 205 1831 Ludere
217 1778 363 1846 particulis,
377 1786 405 1831 et
418 1779 499 1847 nugis
511 1778 611 1831 addere
623 1778 741 1846 pondus,

96 1873 245 1942 Orbiliique
258 1874 357 1927 iterum
370 1875 489 1942 pendere
501 1873 638 1942 loquentis
650 1873 684 1926 eb
697 1889 753 1934 ore,

94 1967 352 2037 Discipulorumque
364 1969 435 2022 inter
447 1969 559 2038 paulum
571 1969 693 2023 habitare
706 1969 852 2022 cathedras.

130 2065 282 2118 Verborum
295 2065 408 2119 miseros
421 2066 487 2118 dum
500 2064 650 2133 deploravit
662 2065 765 2118 abusus

95 2160 223 2223 LoelriuS,
238 2162 348 2215 amissas
362 2178 484 2223 veneres
499 2169 641 2229 artemque
653 2160 786 2230 loquendi

96 2257 265 2325 Corruptam
281 2264 416 2326 tantaeque
429 2258 501 2310 ultro
514 2257 692 2311 medicamine
703 2257 775 2325 pesti

96 2353 214 2406 Attulit:
234 2354 392 2423 imprudens
405 2353 517 2421 impune
530 2354 645 2406 evadere
657 2353 720 2406 sivit

95 2449 257 2504 Particulam
267 2450 345 2513 hanc,
356 2451 481 2519 dirasque
490 2451 517 2503 in
528 2450 640 2518 vulgum
649 2466 777 2518 spargere
785 2457 884 2519 strages.

94 2548 193 2602 Dulcia
204 2549 269 2616 quid
283 2565 430 2601 memorem
444 2548 567 2602 convivia
580 2548 664 2601 mixtu
677 2548 808 2610 tumultu,

95 2644 293 2712 Extinctosque
305 2643 390 2712 ignee,
406 2644 558 2712 violataque
570 2644 669 2696 foedera
681 2643 802 2697 amoris?

131 2741 194 2792 Non
208 2748 318 2795 centum
330 2740 431 2810 linguis
443 2740 584 2794 mendacia
595 2739 673 2809 plura
685 2740 729 2794 vel
741 2741 800 2809 ipsu

80 2836 167 2892 Fema
180 2837 275 2906 refert,
292 2838 350 2894 leni
364 2854 449 2911 quam
458 2836 524 2891 ittet
535 2835 641 2906 eutium
649 2851 721 2901 sese
730 2852 849 2888 susurru.

65 2936 217 2996 Nimirum
233 2942 291 2997 hoc
307 2942 405 2997 telum
420 2946 473 3001 est,
491 2952 548 3004 quo
559 2927 857 2993 tuetsiusumstuu„

27 3126 51 3182 h.
