1830 3216
477 50 532 108 272

362 218 452 252 -B
470 217 607 252 TURRIBUS
625 217 706 252 Alam

234 317 286 352 nsi·
304 316 434 352 cisimus
453 315 553 350 BONUM.

108 462 254 515 Worsssss
266 477 349 522 arces,
364 477 440 515 arces
452 461 550 528 quibus
562 460 650 515 ulmus
665 461 766 530 Apollo

143 556 280 617 Praesidet,
295 556 400 624 ingenti
414 555 522 608 Clusius
535 572 582 609 ore
595 556 691 624 quatit.

109 651 192 714 Clusi,
208 657 349 719 utcunque
361 650 449 719 quatis
461 649 613 703 firmissima
624 651 731 716 moenis,
746 653 805 722 quis
818 669 867 706 non

145 747 311 802 Communes
324 755 415 802 tecum
427 746 510 801 vellet
522 747 621 802 habere
629 747 721 802 lares?

112 1307 371 1364 Wusruonssrsrur
385 1312 506 1365 Thomas
518 1310 584 1363 dum
598 1310 698 1363 deserit
710 1327 795 1373 arces,

147 1404 225 1474 Eque
237 1405 347 1459 ruinosa
359 1413 434 1460 turre
447 1413 556 1460 coactus
569 1406 640 1465 abiis

111 1499 235 1568 ignotam
250 1500 327 1553 Pauli
338 1501 456 1569 migrans
468 1516 556 1553 novus
569 1500 668 1568 hospes
680 1501 714 1553 sd
727 1503 812 1555 aedem

148 1597 272 1665 Ingemit,
285 1605 312 1651 et
324 1598 428 1667 gemitu
441 1599 541 1666 rumpit
553 1604 702 1666 utrumque
713 1598 794 1652 lutus.

112 1692 267 1760 Rumpitur,
282 1699 310 1746 et
323 1700 478 1760 rumpatur;
498 1699 555 1746 erat
568 1709 630 1745 nam
640 1693 724 1746 corde
736 1695 844 1763 pupistu
877 1683 880 1687 ’

149 1786 205 1848 Qui
216 1794 321 1856 poterat
335 1787 420 1841 Paulo
433 1788 609 1899 praepofuisse
623 1787 747 1843 Petrum.

208 2158 250 2212 IN
273 2159 430 2214 OBITUM
450 2159 604 2214 DECANI
625 2160 814 2215 ALDRICH.

140 2320 186 2352 ins
204 2319 310 2354 SALTBM
329 2321 497 2355 ACCUMULEM
516 2322 606 2366 nortis,
624 2323 656 2357 st
675 2323 785 2358 FUNGAR
805 2321 878 2359 lustu

146 2413 268 2448 MUNBRB·

115 2567 179 2619 Curi
193 2567 265 2621 subit
278 2566 349 2621 illius
360 2567 495 2622 iaetissima
505 2567 602 2622 frontis
614 2568 711 2636 imago,

152 2663 241 2724 Quam
254 2663 340 2716 nostri
352 2662 433 2717 toties
445 2663 600 2732 explicuere
611 2663 680 2717 sales
690 2686 697 2726 t

111 2758 181 2814 Cum
195 2757 270 2816 subit
283 2766 311 2816 et
324 2775 426 2815 cunum
438 2766 529 2829 caput,
542 2767 571 2812 st
579 2759 656 2826 sigor
668 2776 730 2812 seer
744 2762 832 2826 ocelli,

62 2865 67 2874 '
131 2861 160 2916 Ε
163 2870 175 2917 t
190 2863 279 2936 digna
291 2864 397 2921 mistus
410 2875 479 2917 oum
490 2853 736 2929 gravinianum
