1830 3216
69 119 122 168 298

294 135 430 172 mumolum·
451 130 569 177 SACRUM,
591 131 651 168 ETC·

178 271 209 324 ln
225 272 316 326 lucem
330 272 435 340 eripiet,
451 270 578 338 dabitque
590 267 676 330 fama,

178 367 266 420 Annis
275 357 352 435 'quod
366 367 467 427 deerat,
484 362 678 433 supersuturae.

177 463 308 517 Nascenti
320 464 394 532 quod
408 468 436 516 et
448 460 584 515 obseravit
595 475 684 522 aures,

175 559 211 613 Et
223 560 321 630 lingue
334 560 427 613 docilis
439 559 550 627 negavit
569 574 650 611 usum
663 578 670 610 ι

174 655 236 710 Hoc
249 673 341 710 rerum
353 656 403 708 tibi
415 654 574 708 consulebat
586 659 682 707 auctor
694 676 700 705 :

179 753 223 806 Ne
235 769 334 821 purum
347 753 417 806 mala
428 758 524 821 pectus
533 751 689 820 inquinaret

175 848 293 901 Ubertas
308 849 373 909 vitii,
389 854 417 900 et
430 847 513 900 libido
523 845 623 914 oulpae;

177 942 339 1012 Corruptam
352 943 462 1003 scelere,
479 948 506 994 et
519 941 573 994 fide
585 947 724 994 carentem

174 1039 217 1091 Ne
229 1037 303 1091 fraus
316 1043 443 1105 argueret
455 1036 589 1105 dolusque
602 1044 724 1089 mentem
737 1057 744 1088 ι

174 1134 212 1188 Ut
224 1151 305 1205 prava
317 1135 376 1188 sine
388 1135 455 1196 labe,
472 1134 616 1203 saeculique

172 1230 294 1284 Praesens
307 1231 441 1300 nequitiae,
457 1247 508 1283 neo
521 1229 680 1283 interesses

173 1326 313 1380 Humanas
326 1343 416 1394 neque
430 1343 473 1380 res
487 1333 514 1378 et
527 1330 648 1379 actiones

173 1422 316 1491 Spectabas
329 1422 428 1483 minus,
445 1429 475 1473 ut
488 1421 531 1474 vel
546 1421 607 1484 hoc,
621 1422 664 1474 vel
677 1422 754 1483 illud,

171 1518 222 1571 Vel
234 1518 382 1587 quidquam
393 1517 501 1586 fugeret
514 1524 593 1570 tuum
607 1534 731 1586 sagacem

174 1615 306 1682 Captum;
330 1615 395 1682 quin
409 1614 524 1677 calamis,
542 1621 569 1666 et
583 1615 636 1667 hoc
650 1622 678 1667 et
691 1616 767 1678 illud,

171 1711 337 1779 Expressum
351 1711 379 1762 in
392 1710 496 1764 tabulas
509 1711 599 1763 statim
613 1711 738 1766 referres.

173 1807 335 1875 Quanquam
349 1806 423 1859 nulla
435 1807 484 1859 tibi
496 1806 672 1860 necessitudo

171 1903 241 1956 Cum
254 1902 328 1955 libris
339 1901 409 1960 fuit;
431 1901 456 1953 id
470 1902 594 1969 rependit
607 1919 697 1963 omne,

169 1998 268 2064 (Quod
280 1997 341 2050 vita
352 1997 463 2065 propius
476 2004 529 2050 tuae
541 1997 682 2065 magisque

171 2093 284 2161 Allusit)
298 2093 418 2147 studium
432 2093 535 2146 silentis
547 2095 621 2147 artis.

173 2189 276 2242 Maturi
288 2189 354 2241 mihi
367 2189 407 2242 vis
420 2189 505 2242 amica
516 2189 564 2242 fari

171 2286 242 2340 Cum
255 2287 344 2338 lucem
357 2285 414 2338 fere
427 2287 554 2339 clauserit
567 2303 730 2354 supremam,

171 2383 239 2435 Tam
252 2388 353 2443 sancte,
368 2381 480 2449 placide,
495 2382 539 2449 pie
554 2390 689 2448 peractam

168 2479 288 2532 AEtatem
301 2475 352 2530 ohi
373 2478 498 2540 recolam,
514 2479 725 2548 recolligamque

169 2574 256 2641 Turpi
269 2572 381 2625 crimine
394 2579 448 2624 tam
462 2574 556 2640 procul
570 2581 700 2627 remotam
711 2598 717 2635 ;

170 2671 233 2724 Non
246 2676 295 2732 est,
311 2670 385 2737 quod
397 2686 510 2738 superos
523 2672 597 2738 prius
611 2670 735 2740 rogirim.
