1830 3216
252 216 444 271 CORYDON
467 218 660 279 QUERENS.

58 363 205 418 Dacreros
216 372 307 434 pastor
320 383 412 421 secum
426 368 571 422 meditatus
582 385 687 421 amores

95 461 141 516 Ad
153 463 237 531 ripam
247 463 333 532 jacuit
345 467 530 533 pretereuntis
542 483 635 534 aquae;

59 556 189 626 Dumque
202 562 359 614 recensebat
370 560 441 615 false
453 561 570 630 perjuria
581 562 713 630 nymphae,

94 654 240 709 Lussatum
253 656 347 711 salices
359 658 515 728 sustinuere
528 664 617 726 caput.

61 751 213 804 Audierant
225 751 337 822 zephyri
349 768 445 806 vocem
456 735 628 823 gemitusque
641 754 765 815 dolentis,

94 847 131 900 Et
144 849 244 902 mostis
259 850 332 902 venti
344 866 525 918 congemuere
537 851 627 904 sonis:

60 944 193 998 Audierat
204 946 293 1006 rivus;
313 963 496 1016 resonumque
508 948 542 1000 ad
555 964 693 1001 murmura
706 965 836 1010 murmur,

94 1041 131 1095 Et
144 1050 271 1111 questum
285 1044 318 1096 ad
330 1051 443 1112 questus
456 1044 630 1113 ingeminavit
642 1061 718 1112 aqua.

58 1234 105 1288 Ah
112 1236 242 1288 miserum
250 1234 437 1305 Corydonem!
447 1243 474 1289 et
483 1237 582 1289 durunr
589 1244 651 1290 ante
659 1238 749 1290 omnia
755 1236 855 1290 iatum!

94 1332 231 1385 Tristibus
243 1331 285 1385 his
296 1333 447 1403 lacrymans
460 1334 571 1402 ingemit
584 1333 629 1385 ille
641 1334 728 1386 modis
743 1356 749 1393 ;

59 1429 186 1497 Adspexi
197 1430 314 1491 vultum,
327 1429 456 1498 lethoque
470 1430 536 1497 (heu
550 1431 637 1483 sidera
653 1430 744 1498 iniqua
753 1429 773 1497 l)

95 1523 138 1577 Ex
151 1524 197 1577 illo
210 1525 311 1578 intuitu
325 1532 392 1594 quot
404 1526 527 1594 graviora
539 1523 602 1578 tuli!

57 1622 202 1690 Nusquam
212 1629 290 1676 tutus
303 1639 389 1683 eram;
411 1622 533 1692 Daphnae
545 1622 611 1675 mihi
623 1622 709 1674 dulcis
721 1623 809 1690 imago

94 1716 229 1779 Ridentis,
244 1719 331 1772 dulcis
343 1735 432 1772 sermo
443 1718 580 1787 loquentis
594 1727 649 1771 erat
661 1741 667 1769 ι

55 1814 113 1868 Seu
127 1820 246 1876 caneret,
262 1813 360 1867 blando
373 1821 466 1883 captus
481 1813 669 1874 modulamine,
686 1816 792 1881 quando

93 1913 162 1966 Tam
176 1929 267 1974 suove,
283 1912 412 1974 exclamo,
427 1919 466 1974 tu,
482 1910 637 1973 Philomela,
652 1909 749 1965 canesi

54 2107 134 2176 Saepe
147 2106 257 2174 quidem
270 2105 334 2168 dixi,
351 2105 523 2161 Miserebitur
536 2105 596 2164 illa;
617 2106 665 2157 sed
679 2105 751 2158 unde

92 2203 163 2256 Tam
176 2210 274 2255 nostrae
287 2201 363 2254 fieret
376 2201 533 2254 rusticitatis
545 2200 658 2253 amans?

52 2300 139 2354 Unde
151 2299 224 2352 urbis
237 2299 409 2367 splendorem
423 2298 555 2359 cuschet,
571 2313 690 2366 opesque
703 2299 830 2365 superbas

91 2396 224 2450 Sordibus
237 2396 341 2464 exiguae
352 2394 540 2463 posthabuisse
553 2408 621 2446 casae
634 2392 641 2445 l

53 2494 207 2548 Credebam
221 2499 312 2546 tamen
325 2493 435 2562 ignarus
447 2514 455 2552 ;
475 2493 606 2559 rebarque
619 2492 692 2560 quod
706 2498 777 2544 esset

91 2591 169 2644 Inter
181 2589 287 2643 divitias
299 2589 462 2642 invenienda
474 2588 557 2643 fides:

54 2687 140 2748 Quod
152 2701 244 2739 erasse
253 2695 368 2755 possent
382 2697 486 2758 vestes,
503 2692 661 2765 victusque
671 2689 790 2761 plaeere

75 2782 211 2845 Rusticus,
228 2795 314 2857 atque
328 2789 436 2852 humili
449 2799 511 2857 sub
522 2798 591 2856 lare
605 2801 710 2853 casius
723 2801 822 2844 amor-

773 2887 825 2939 uf}
