1830 3216
387 117 506 154 SERTUM.

54 255 121 317 Quae
133 257 220 324 primo
233 256 357 310 induerat
368 257 466 309 florum
479 257 635 310 redimicula
651 273 738 318 mane,

88 353 182 405 Gessit
193 370 241 421 per
253 360 341 406 totum
356 353 475 422 nympha
487 361 601 406 venusta
613 354 699 407 diem:

53 446 88 500 Et
97 449 216 517 juvenes
229 449 335 516 pariter,
351 449 449 516 pariter
462 449 554 502 dixere
567 448 672 515 puelle,

88 544 153 596 Non
166 544 194 596 in
209 543 290 596 natali
302 543 341 597 sic
353 544 467 597 nituisse
479 544 546 596 solo.

54 736 145 790 Exuta
154 743 186 789 ut
204 737 284 789 flores
297 737 389 797 sensit,
405 737 478 805 quod
491 737 566 790 nulla
578 738 699 790 colorum
782 754 788 782 ι

89 833 208 901 Vespere
221 840 334 886 restaret
345 835 437 903 gretie,
453 834 544 887 nullus
558 835 641 894 odon
663 876 664 880 ,

55 929 153 982 Palluit
166 931 273 991 obtutu,
288 931 454 1000 gemuitque,
470 930 605 999 oculoque
618 931 715 998 pudice

89 1024 225 1087 Demisso,
241 1033 344 1079 sertum
357 1027 497 1095 dejiciebat
509 1027 603 1079 humi

55 1215 113 1279 llle,
125 1217 208 1270 silens
221 1216 350 1284 quamvis,
367 1235 443 1271 muse
455 1218 595 1271 facundior
609 1219 691 1278 omni,

92 1313 178 1366 Index
193 1313 305 1381 egregie
317 1314 416 1366 mentis
429 1314 531 1367 ocellus
545 1321 618 1373 erat;

56 1410 128 1464 Cum
140 1409 234 1463 furtim
248 1427 281 1463 ex
294 1410 348 1471 illo,
363 1426 478 1479 gemmae
492 1411 625 1463 rutilantis
638 1411 671 1463 ad
685 1410 775 1471 instar,

88 1505 234 1559 Pulchram
247 1505 418 1560 humectaret
430 1507 520 1559 lueida
532 1514 610 1575 gutte
621 1523 727 1576 genem.

57 1699 142 1759 Quod
156 1699 230 1760 scivi,
245 1699 363 1758 nescivi;
384 1705 411 1751 et
424 1716 480 1761 cur,
496 1699 631 1753 carissima
643 1699 704 1760 vita,

94 1793 140 1848 Oh
151 1792 157 1846 i
178 1811 238 1846 mea
251 1795 308 1856 lux,
322 1795 385 1856 dixi,
401 1812 450 1848 cur
463 1812 494 1848 ea
507 1802 584 1863 gutta
596 1794 687 1848 cadit?

57 1890 140 1943 Unde
152 1890 218 1944 obiit
230 1890 314 1958 pallor
328 1890 440 1944 vultus?
458 1891 522 1953 fere,
539 1892 660 1953 obsecro,
675 1891 739 1953 sare,

93 1986 163 2040 Tam
176 1989 267 2041 subito
279 1988 356 2056 lapsu
364 1995 442 2056 gutta
455 1990 518 2057 quid
532 1989 576 2042 illa
589 1988 672 2042 velit?

59 2177 146 2232 Ecce!
166 2179 255 2233 unde!
271 2181 468 2250 (ingemuitque
479 2182 568 2243 simul,
584 2181 855 2250 peramabileridens)

94 2274 187 2329 Eece!
207 2276 244 2328 ait
256 2275 388 2345 interpres
401 2277 520 2345 pulchra,
535 2278 570 2331 sit
583 2278 656 2330 unde
670 2275 763 2330 dolor!

59 2372 141 2425 Dona
153 2379 200 2424 tua
213 2388 247 2424 en
260 2379 399 2441 quantum,
414 2375 506 2441 paucis
523 2373 690 2442 fugientibus
702 2373 783 2434 horis,

95 2468 185 2521 Unica
197 2469 316 2530 mutarit,
331 2475 388 2522 tota
400 2486 450 2523 nec
463 2470 515 2531 illu,
532 2467 606 2522 diesi

60 2660 115 2714 Hei
128 2659 210 2713 mihi!
231 2661 304 2729 quod
315 2661 393 2715 floret
405 2661 570 2731 languetque
583 2663 707 2731 superbia
722 2662 793 2722 Maii,

95 2758 190 2811 Floret
202 2757 274 2810 idem
286 2757 380 2812 sormae
393 2758 485 2828 gloria,
500 2760 612 2831 languet
623 2761 708 2815 idem.

60 2856 184 2922 Utraque
194 2871 274 2907 mene
288 2856 380 2926 vigens
392 2859 594 2935 placidumque
610 2871 642 2919 et
654 2855 899 2918 uuieeuuusse‘xtx

85 2947 204 3012 Utraque
215 2954 360 3007 marcescit
376 2974 509 3030 vespere,
528 2966 637 3037 pauet,
652 2963 727 3020 anit.

765 3077 790 3113 K
802 3058 826 3105 ΣΒ
