1830 3216
327 83 452 120 usstass.

61 240 88 278 ιο
100 223 201 277 rubore
213 238 304 283 rosea;
324 229 352 276 et
364 220 520 275 innocentia

62 319 189 375 Cadente
200 320 292 389 purior
303 319 381 380 nive;

61 416 129 472 ierit
141 433 224 480 amor,
239 417 315 479 risus,
331 416 462 485 voluptas,
477 413 615 484 gaudium,

63 515 103 568 Et
114 513 203 568 litium
214 513 297 583 fugax
309 513 394 582 quies.

61 609 128 663 ierit
140 609 235 662 labella
246 608 424 678 comprimens
437 605 613 667 taciturnitas,

65 705 103 758 Et
115 704 222 758 foederis
233 719 343 757 servans
355 702 438 762 fides;

61 818 67 855 2
79 801 169 856 omnis
182 808 296 854 eventus
309 816 412 854 memor
426 798 577 868 prudentia,

64 897 205 965 Divosque
218 911 308 950 rerum
320 896 463 949 industria:

61 994 154 1048 ccedet
166 993 208 1047 his
220 993 365 1046 virtutibus
377 993 421 1060 pia
434 991 578 1052 humilitas,

67 1090 216 1159 Nunquam
228 1089 369 1142 immemor
383 1087 436 1141 Dei
448 1093 495 1141 aut
506 1087 557 1140 sui.

62 1185 137 1254 mina
148 1184 294 1254 gratiarum
306 1183 392 1237 aderit
403 1182 564 1243 humanitas,

68 1280 193 1335 Perierre
202 1278 289 1332 facilis
302 1285 329 1332 et
340 1278 403 1347 pati,

63 1393 161 1431 umana
173 1376 197 1430 si
208 1383 304 1429 natura
316 1376 380 1444 quid
393 1374 543 1442 deliquerit,

67 1473 126 1526 Aut
138 1471 240 1525 caverit
253 1470 340 1538 siquid
352 1486 464 1539 parum:
512 1475 514 1480 '

62 1569 263 1623 dumniantium
275 1583 400 1621 susurros
412 1566 572 1634 improbans,

68 1666 221 1734 Paucisque
233 1671 324 1718 notam
336 1663 487 1724 infamiam

62 1764 146 1826 emor,
162 1763 247 1816 invidi
260 1761 376 1815 rumoris
389 1767 420 1814 ut
433 1760 584 1829 malignitas

67 1860 191 1915 Inimioat
204 1862 285 1914 urbes
298 1868 325 1913 et
339 1859 442 1912 domos.

62 1958 215 2013 imulabitur
228 1964 332 2011 castum
345 1957 454 2010 intuens
466 1954 605 2016 modestia,

67 2055 103 2107 Et
116 2055 196 2108 docta
208 2054 284 2107 cultu
297 2053 448 2113 urbanitas;

62 2157 69 2203 t
79 2149 190 2204 advenis
202 2166 318 2219 presens
331 2149 404 2202 dorni
416 2146 590 2217 hospitalitas,

67 2247 170 2316 Aperta
184 2246 277 2301 vultus
290 2254 317 2299 et
329 2262 449 2299 manum.

63 2343 158 2398 iseum
171 2343 307 2397 sodalibus
322 2343 432 2396 Melissa
445 2341 536 2410 gratiis

68 2438 193 2493 Duoetur
204 2439 238 2492 ad
251 2445 325 2491 tuam
342 2439 470 2498 domum

64 2537 139 2599 delis,
155 2551 259 2603 regrum
271 2534 399 2604 quicquid
410 2540 457 2586 aut
469 2531 581 2585 latabile
593 2537 643 2594 est,

66 2633 102 2687 Et
115 2650 180 2687 vera
191 2639 283 2686 tecum
295 2633 428 2700 particeps
438 2653 445 2691 ;

63 2730 150 2784 »lando
163 2746 222 2798 quae
234 2746 359 2782 curarum
371 2727 562 2790 amarulenta,

67 2825 102 2879 Et
114 2825 283 2882 consulendo
296 2833 452 2900 temperet,

63 2925 148 2978 nendo
161 2943 224 2997 que
235 2926 391 2989 felicitates
404 2937 527 3005 augeat,

63 3019 82 3074 lt
94 3039 157 3093 qnae
171 3029 257 3088 novis
271 3034 366 3092 addat
380 3053 489 3094 novas.
