1748 3216
72 123 125 173 202
354 114 589 166 ῈΞΑΗΜΕΡΟΝ.
665 184 669 189 Δ

74 273 166 331 Ecce!
182 276 300 344 jubente
313 273 383 336 Deo,
397 272 478 327 flores
490 280 519 326 et
532 273 660 341 gramina
671 281 749 328 terre

77 372 202 426 induitur
214 370 311 430 faciem
332 369 421 422 rident
434 369 578 423 vernantia
588 376 674 438 prata,
864 374 868 449 ξ

77 468 205 535 Arvaque
218 465 373 534 parturiunt
385 464 475 517 nullos
488 472 603 532 experta
614 464 730 519 labores.

76 563 120 615 En
131 560 138 616 1
159 578 219 615 rosa
232 576 384 630 purpureos
396 559 481 628 aperit
492 559 615 613 formosa
626 560 742 623 colores,

76 659 218 727 virgineos
231 657 355 725 pandunt
367 663 394 709 et
407 655 522 709 candida
533 655 590 708 lilia
602 655 714 716 vultus;

77 754 190 808 Exultat
203 753 292 814 tellus,
308 751 433 820 variaque
445 757 540 804 ornata
552 766 656 804 corona

77 850 167 912 Ridet,
182 856 210 903 et
222 848 371 902 ambrosios
383 847 485 901 circum
498 847 626 901 diffundit
638 847 747 901 odores.

79 947 219 1000 Scandunt
231 947 365 998 umbrosa
377 960 503 1012 suprema
515 944 658 997 cacumina
670 944 760 1014 sylva,

80 1041 237 1109 Montisque
248 1056 391 1094 ascensum
404 1047 542 1107 superant,
555 1038 667 1093 funesta
679 1052 824 1108 cupressus.
853 1070 866 1125 ἡ

79 1137 116 1190 Et
129 1153 247 1206 quercus
260 1137 348 1199 tectis,
364 1143 391 1190 et
404 1137 485 1205 pinus
497 1137 612 1191 navibus
624 1144 703 1205 apta.

80 1232 188 1285 Interea
200 1231 311 1301 zephyri
323 1238 351 1286 et
364 1231 496 1300 spirantes
507 1231 626 1284 molliter
638 1248 711 1286 aura

80 1326 212 1387 Ludunt;
233 1328 298 1380 dum
312 1328 361 1380 rivi
373 1333 487 1396 serpunt
498 1328 532 1380 ad
545 1327 674 1396 marginis
688 1344 756 1389 oras,

81 1423 196 1492 Pinguia
208 1425 255 1492 qui
267 1425 369 1478 circum
382 1424 467 1493 glebis
479 1424 607 1477 alimenta
618 1424 779 1478 ministrant

82 1521 162 1575 'l'unc
176 1521 273 1574 hilares
285 1521 403 1589 primum
416 1521 570 1575 rubuerunt
583 1520 684 1574 vitibus
697 1536 774 1581 urar

82 1618 219 1685 Tempora
230 1624 297 1670 tunc
310 1617 416 1671 diversa
427 1617 491 1670 anni
504 1615 618 1670 confusa
630 1617 755 1671 videres:

84 1713 220 1781 Quicquid
232 1711 367 1781 frugiferis
380 1711 482 1781 profert
494 1719 644 1767 autumnus
656 1713 684 1767 in
698 1712 779 1775 horis,

84 1809 221 1877 Quicquid
234 1809 397 1877 promittunt
408 1808 531 1861 renovati
542 1815 667 1877 tempora
678 1810 758 1872 veris.

83 1905 264 1974 Fructnsque,
281 1913 308 1959 et
319 1906 409 1968 fiores,
423 1905 529 1959 fructus
542 1921 604 1973 spes
615 1906 731 1974 pulchra
741 1905 830 1967 futuri.

85 2001 226 2054 Ornabant
238 2001 348 2068 gemino
360 2008 487 2055 curvatos
499 2001 620 2069 pondere
633 2018 733 2057 ramos.

121 2095 164 2149 Sic
177 2096 224 2149 ubi
237 2096 368 2164 disposuit
381 2103 467 2151 terras
479 2096 662 2151 animantibus
674 2105 759 2166 aptas,

85 2191 117 2242 In
130 2191 204 2244 caelis
216 2192 324 2259 proprio
337 2192 499 2245 candentem
511 2190 615 2244 lumine
627 2190 715 2245 solem

86 2287 166 2349 Fixit,
183 2295 210 2341 et
222 2288 334 2343 alterius
348 2289 494 2357 pallentem
506 2287 610 2341 lumine
621 2287 725 2341 lunam.

87 2383 265 2437 Auricomum
278 2385 363 2437 solem
376 2384 494 2437 stadium
507 2384 652 2437 decurrere
662 2384 747 2452 jussit

86 2479 217 2548 Longius,
232 2487 273 2532 ast
286 2480 357 2533 illam
370 2480 507 2533 breviores
519 2479 630 2533 flectere
641 2495 726 2548 gyros
737 2501 745 2540 ς

87 2574 180 2628 Metiri
192 2582 222 2628 ut
236 2576 353 2644 spatium
366 2582 478 2643 possent
491 2582 519 2628 et
531 2575 641 2636 mensis,
656 2577 772 2639 stanni,

86 2670 123 2722 Et
135 2669 247 2738 pulchra
259 2670 388 2724 informes
401 2671 534 2724 variarent
546 2670 608 2724 luce
619 2671 756 2725 tenebras.

123 2765 196 2819 Ecce
210 2764 216 2818 !
250 2766 348 2819 iterum
363 2774 441 2821 terrae
453 2768 569 2836 pariunt,
584 2773 612 2820 ct
624 2766 686 2820 fusa
697 2783 747 2836 per
759 2784 838 2838 agros

88 2861 216 2931 Undique
229 2863 381 2934 depascunt
390 2863 491 2918 virides
502 2863 650 2917 animantia
659 2880 780 2932 campos.

69 2959 226 3032 Reptr'lr'um
241 2964 400 3021 innumere
413 2970 527 3033 gentes,
541 2974 613 3030 quaa
622 2957 847 3009 tenderemus
