1830 3216
357 111 508 166 VOTUM.

32 297 62 351 St
75 298 150 352 Senii
163 297 328 351 descendam
343 297 384 364 (ct
397 297 463 366 ooepi
476 302 602 367 vergere)
613 299 647 352 ad
660 317 758 362 annom

66 393 141 447 Rure
153 394 221 447 mihi
232 394 323 462 exigui
335 393 397 455 sint,
412 394 549 463 tepidique
561 395 648 456 lares;

32 490 88 544 Prae
99 492 205 545 foribus
218 492 252 545 sit
265 508 413 553 scamnum,
429 500 456 544 et
468 492 502 544 sit
515 509 570 546 non
584 493 691 546 sordida
705 493 787 561 virgo,

68 587 137 648 Quae
148 587 224 641 molii
235 587 325 640 foveat
337 594 458 655 tempora
475 587 548 641 calva
560 602 651 642 manu.

377 769 493 805 CHOBUS.

30 873 121 943 AEquo
133 873 254 927 animum
267 856 378 941 imperio
391 873 520 942 subigam,
536 873 694 942 prudentior
707 890 766 936 usu,

66 969 106 1024 Ut
118 969 231 1038 carptim
244 974 385 1031 attenuor‚'
394 985 442 1022 rex
455 969 636 1038 dominusque
649 969 710 1022 mei.

31 1067 90 1121 Nec
103 1067 236 1136 podagra,
251 1082 302 1119 nec
314 1065 426 1119 lithiasis
439 1066 602 1119 cruciatibus
615 1082 693 1126 urar;

66 1163 122 1217 Sed
134 1163 235 1216 sensim
248 1161 385 1215 extinctus
398 1161 514 1214 devehat
526 1161 559 1214 ad
573 1161 717 1214 tumulum.

30 1358 76 1411 Ad
89 1356 195 1410 declive
202 1356 309 1425 jugum,
326 1354 485 1423 placidoque
497 1354 570 1423 quod
584 1354 706 1407 imminet
718 1355 798 1416 amni,

68 1454 132 1515 Qua
144 1453 221 1515 mola,
238 1468 291 1521 qua
303 1460 409 1520 pratum
423 1458 472 1513 est,
487 1460 540 1506 stet
553 1469 613 1506 mea
625 1468 705 1519 parva
718 1453 828 1505 domus:

29 1550 68 1604 Ut
81 1550 125 1612 sit,
140 1549 189 1602 ubi
200 1549 331 1602 assiduam
343 1548 439 1602 lectori
449 1549 555 1601 auditor
568 1548 686 1611 alumno,

66 1646 96 1700 si
109 1646 205 1708 sudus,
219 1644 262 1697 vel
275 1644 298 1697 si
309 1643 416 1712 Jupiter
429 1644 501 1697 udus
513 1644 572 1697 erit.

26 1744 121 1814 AEquo
133 1743 253 1796 animum
266 1741 388 1810 imperio,
405 1748 457 1794 etc.

60 1879 72 1913 ‘¹
88 1881 154 1936 Quae
165 1893 214 1928 non
227 1877 335 1927 offendat
344 1877 466 1925 sordibus.
695 1879 765 1926 Hoa.

58 1966 71 1993 ⁸
232 1961 351 2010 Animum
361 1974 427 2022 rege,
440 1958 490 2023 qui,
503 1958 550 2006 niti
563 1965 641 2022 paret,

27 2030 157 2094 Imperat:
181 2027 246 2075 hunc
257 2025 350 2081 frenis,
362 2025 427 2072 hunc
440 2035 467 2072 tu
479 2039 607 2087 compesce
618 2033 712 2071 catena.
751 2025 829 2072 locu.

63 2108 73 2142 ¹
95 2109 188 2158 Lenior
199 2118 225 2156 et
236 2107 323 2156 melior
334 2107 399 2165 fiam,
412 2107 544 2155 accedente
555 2115 661 2154 senecta.
718 2107 796 2153 locu.

60 2196 74 2231 Ι
91 2191 180 2249 Parva,
192 2190 236 2238 ced
247 2198 314 2254 apta,
325 2189 419 2237 domus.

58 2266 72 2300 ¹¹
90 2271 199 2321 Neither
209 2287 241 2320 on
254 2272 295 2319 the
307 2279 350 2335 top
363 2285 408 2320 nor
418 2271 459 2319 the
471 2272 579 2328 bottom5
596 2269 636 2317 the
646 2269 701 2316 best
712 2267 828 2316 situation

25 2339 64 2388 for
75 2353 92 2386 a
103 2337 182 2386 house
194 2352 222 2385 or
233 2352 248 2385 a
259 2337 317 2399 city,
330 2335 451 2399 affording
459 2336 517 2384 both
526 2332 829 2396 conveniencyoioeliars,

25 2403 76 2453 and
88 2418 104 2452 c
115 2402 219 2451 descent
229 2412 255 2450 to
268 2403 325 2451 take
335 2401 372 2450 off
380 2401 423 2449 the
435 2411 533 2450 waters.

58 2475 66 2508 ¹
92 2484 116 2533 It
133 2483 182 2532 aiii
198 2484 228 2534 be
245 2484 353 2553 thought
370 2486 413 2539 the
435 2487 478 2540 old
495 2504 557 2539 man
571 2486 623 2538 ima
638 2482 718 2534 mooe
728 2475 864 2539 accinxit

17 2549 106 2598 choico
121 2549 155 2625 of
165 2566 182 2600 a
197 2551 254 2603 miii
273 2565 297 2606 to
319 2556 383 2609 hear
401 2558 447 2612 hic
464 2560 518 2628 boy
530 2556 600 2611 teau
613 2554 665 2611 int
676 2552 734 2601 itut
743 2546 807 2606 &W
818 2541 882 2587 W

10 2613 84 2663 ω’
94 2613 295 2685 ψ”θῆθθῑῖοῠι
316 2627 408 2682 either
428 2631 511 2684 know
530 2638 594 2691 not,
606 2642 635 2677 oc
657 2619 780 2672 uticam
798 2610 839 2657 oo
848 2608 904 2651 not
