<?xml version="1.0" encoding="UTF-8"?>
<!DOCTYPE html PUBLIC "-//W3C//DTD XHTML 1.0 Transitional//EN"
    "http://www.w3.org/TR/xhtml1/DTD/xhtml1-transitional.dtd">
<html xmlns="http://www.w3.org/1999/xhtml" xml:lang="en" lang="en">
 <head>
  <title>
</title>
<meta http-equiv="Content-Type" content="text/html;charset=utf-8" />
  <meta name='ocr-system' content='tesseract 3.04.00' />
  <meta name='ocr-capabilities' content='ocr_page ocr_carea ocr_par ocr_line ocrx_word'/>
</head>
<body>
  <div class='ocr_page' id='page_1' title='image "./poeticalworksla00bourgoog_0219.png"; bbox 0 0 1830 3216; ppageno 0'>
   <div class='ocr_carea' id='block_1_1' title="bbox 76 125 603 184">
    <p class='ocr_par' dir='ltr' id='par_1_1' title="bbox 76 125 603 184">
     <span class='ocr_line' id='line_1_1' title="bbox 76 125 603 184; baseline 0.009 -13"><span class='ocrx_word' id='word_1_1' title='bbox 76 135 128 184; x_wconf 80' lang='lat'><strong>200</strong></span> <span class='ocrx_word' id='word_1_2' title='bbox 370 125 603 176; x_wconf 70' lang='lat' dir='ltr'><strong>‘nunnnurom</strong></span> 
     </span>
    </p>
   </div>
   <div class='ocr_carea' id='block_1_2' title="bbox 76 282 911 1218">
    <p class='ocr_par' dir='ltr' id='par_1_2' title="bbox 76 282 911 534">
     <span class='ocr_line' id='line_1_2' title="bbox 76 282 911 359; baseline 0 -16"><span class='ocrx_word' id='word_1_3' title='bbox 76 290 220 359; x_wconf 83' lang='lat' dir='ltr'><strong>Dejectare</strong></span> <span class='ocrx_word' id='word_1_4' title='bbox 236 293 317 353; x_wconf 83' lang='lat' dir='ltr'><strong>caput</strong></span> <span class='ocrx_word' id='word_1_5' title='bbox 329 294 462 346; x_wconf 82' lang='lat' dir='ltr'><strong>naturum,</strong></span> <span class='ocrx_word' id='word_1_6' title='bbox 478 291 505 336; x_wconf 91' lang='lat' dir='ltr'><strong>et</strong></span> <span class='ocrx_word' id='word_1_7' title='bbox 518 285 616 338; x_wconf 84' lang='lat' dir='ltr'><strong>cedere</strong></span> <span class='ocrx_word' id='word_1_8' title='bbox 630 287 735 342; x_wconf 80' lang='lat' dir='ltr'><strong>morti:</strong></span> <span class='ocrx_word' id='word_1_9' title='bbox 906 282 911 343; x_wconf 79' lang='lat' dir='ltr'><strong>i</strong></span> 
     </span>
     <span class='ocr_line' id='line_1_3' title="bbox 77 379 660 451; baseline -0.01 -12"><span class='ocrx_word' id='word_1_10' title='bbox 77 385 185 439; x_wconf 85' lang='lat' dir='ltr'><strong>Testari</strong></span> <span class='ocrx_word' id='word_1_11' title='bbox 198 400 232 436; x_wconf 86' lang='lat' dir='ltr'><strong>ex</strong></span> <span class='ocrx_word' id='word_1_12' title='bbox 245 383 303 451; x_wconf 87' lang='lat' dir='ltr'><strong>ipso</strong></span> <span class='ocrx_word' id='word_1_13' title='bbox 316 381 462 450; x_wconf 80' lang='lat' dir='ltr'><strong>primordia</strong></span> <span class='ocrx_word' id='word_1_14' title='bbox 473 379 528 434; x_wconf 89' lang='lat' dir='ltr'><strong>fine</strong></span> <span class='ocrx_word' id='word_1_15' title='bbox 540 379 660 440; x_wconf 83' lang='lat' dir='ltr'><strong>videtur.</strong></span> 
     </span>
     <span class='ocr_line' id='line_1_4' title="bbox 77 477 700 534; baseline -0.003 0"><span class='ocrx_word' id='word_1_16' title='bbox 77 482 113 534; x_wconf 86' lang='lat' dir='ltr'><strong>Et</strong></span> <span class='ocrx_word' id='word_1_17' title='bbox 126 497 181 533; x_wconf 89' lang='lat' dir='ltr'><strong>non</strong></span> <span class='ocrx_word' id='word_1_18' title='bbox 195 478 282 532; x_wconf 84' lang='lat' dir='ltr'><strong>vitulis</strong></span> <span class='ocrx_word' id='word_1_19' title='bbox 294 477 395 532; x_wconf 89' lang='lat' dir='ltr'><strong>sensim</strong></span> <span class='ocrx_word' id='word_1_20' title='bbox 408 492 555 530; x_wconf 82' lang='lat' dir='ltr'><strong>vanescere</strong></span> <span class='ocrx_word' id='word_1_21' title='bbox 567 478 700 532; x_wconf 86' lang='lat' dir='ltr'><strong>mundus.</strong></span> 
     </span>
    </p>

    <p class='ocr_par' dir='ltr' id='par_1_3' title="bbox 79 566 804 1218">
     <span class='ocr_line' id='line_1_5' title="bbox 112 566 659 641; baseline -0.007 -13"><span class='ocrx_word' id='word_1_22' title='bbox 112 566 158 628; x_wconf 82' lang='lat' dir='ltr'><strong>&#39;sic</strong></span> <span class='ocrx_word' id='word_1_23' title='bbox 170 574 218 628; x_wconf 91' lang='lat' dir='ltr'><strong>ubi</strong></span> <span class='ocrx_word' id='word_1_24' title='bbox 229 573 344 641; x_wconf 81' lang='lat' dir='ltr'><strong>perfecit</strong></span> <span class='ocrx_word' id='word_1_25' title='bbox 356 572 447 626; x_wconf 81' lang='lat' dir='ltr'><strong>divine</strong></span> <span class='ocrx_word' id='word_1_26' title='bbox 461 570 587 624; x_wconf 75' lang='lat' dir='ltr'><strong>Daedalus</strong></span> <span class='ocrx_word' id='word_1_27' title='bbox 599 577 659 625; x_wconf 79' lang='lat' dir='ltr'><strong>erte</strong></span> 
     </span>
     <span class='ocr_line' id='line_1_6' title="bbox 79 666 804 737; baseline 0 -15"><span class='ocrx_word' id='word_1_28' title='bbox 79 668 248 722; x_wconf 85' lang='lat' dir='ltr'><strong>Automaton</strong></span> <span class='ocrx_word' id='word_1_29' title='bbox 260 668 343 730; x_wconf 79' lang='lat' dir='ltr'><strong>saber,</strong></span> <span class='ocrx_word' id='word_1_30' title='bbox 357 666 485 737; x_wconf 85' lang='lat' dir='ltr'><strong>appendit</strong></span> <span class='ocrx_word' id='word_1_31' title='bbox 497 682 560 720; x_wconf 93' lang='lat' dir='ltr'><strong>cum</strong></span> <span class='ocrx_word' id='word_1_32' title='bbox 573 667 675 720; x_wconf 88' lang='lat' dir='ltr'><strong>mobile</strong></span> <span class='ocrx_word' id='word_1_33' title='bbox 686 669 804 737; x_wconf 85' lang='lat' dir='ltr'><strong>pondus,</strong></span> 
     </span>
     <span class='ocr_line' id='line_1_7' title="bbox 79 760 671 833; baseline -0.002 -16"><span class='ocrx_word' id='word_1_34' title='bbox 79 764 245 833; x_wconf 83' lang='lat' dir='ltr'><strong>Aptavitque</strong></span> <span class='ocrx_word' id='word_1_35' title='bbox 257 763 323 816; x_wconf 89' lang='lat' dir='ltr'><strong>rotis</strong></span> <span class='ocrx_word' id='word_1_36' title='bbox 335 778 408 821; x_wconf 85' lang='lat' dir='ltr'><strong>mres.</strong></span> <span class='ocrx_word' id='word_1_37' title='bbox 424 762 550 815; x_wconf 73' lang='lat' dir='ltr'><strong>mundata</strong></span> <span class='ocrx_word' id='word_1_38' title='bbox 560 760 671 816; x_wconf 82' lang='lat' dir='ltr'><strong>facessit</strong></span> 
     </span>
     <span class='ocr_line' id='line_1_8' title="bbox 79 857 804 927; baseline -0.001 -15"><span class='ocrx_word' id='word_1_39' title='bbox 79 858 192 927; x_wconf 87' lang='lat' dir='ltr'><strong>Singula</strong></span> <span class='ocrx_word' id='word_1_40' title='bbox 202 873 279 926; x_wconf 80' lang='lat' dir='ltr'><strong>pcrs3</strong></span> <span class='ocrx_word' id='word_1_41' title='bbox 299 857 404 926; x_wconf 80' lang='lat' dir='ltr'><strong>pincido</strong></span> <span class='ocrx_word' id='word_1_42' title='bbox 417 863 538 927; x_wconf 79' lang='lat' dir='ltr'><strong>systema</strong></span> <span class='ocrx_word' id='word_1_43' title='bbox 548 863 647 912; x_wconf 87' lang='lat' dir='ltr'><strong>tenore</strong></span> <span class='ocrx_word' id='word_1_44' title='bbox 659 865 804 914; x_wconf 78' lang='lat' dir='ltr'><strong>movetur:</strong></span> 
     </span>
     <span class='ocr_line' id='line_1_9' title="bbox 80 950 639 1020; baseline 0.002 -16"><span class='ocrx_word' id='word_1_45' title='bbox 80 951 118 1005; x_wconf 82' lang='lat' dir='ltr'><strong>At</strong></span> <span class='ocrx_word' id='word_1_46' title='bbox 130 967 193 1003; x_wconf 91' lang='lat' dir='ltr'><strong>cum</strong></span> <span class='ocrx_word' id='word_1_47' title='bbox 206 950 297 1004; x_wconf 80' lang='lat' dir='ltr'><strong>native</strong></span> <span class='ocrx_word' id='word_1_48' title='bbox 308 952 416 1020; x_wconf 89' lang='lat' dir='ltr'><strong>pondus</strong></span> <span class='ocrx_word' id='word_1_49' title='bbox 427 950 541 1005; x_wconf 81' lang='lat' dir='ltr'><strong>libratile</strong></span> <span class='ocrx_word' id='word_1_50' title='bbox 553 959 639 1005; x_wconf 80' lang='lat' dir='ltr'><strong>terras</strong></span> 
     </span>
     <span class='ocr_line' id='line_1_10' title="bbox 80 1050 748 1118; baseline 0.006 -15"><span class='ocrx_word' id='word_1_51' title='bbox 80 1050 208 1118; x_wconf 86' lang='lat' dir='ltr'><strong>Attigerit</strong></span> <span class='ocrx_word' id='word_1_52' title='bbox 220 1051 358 1118; x_wconf 81' lang='lat' dir='ltr'><strong>gravitate,</strong></span> <span class='ocrx_word' id='word_1_53' title='bbox 374 1052 492 1105; x_wconf 83' lang='lat' dir='ltr'><strong>retardat</strong></span> <span class='ocrx_word' id='word_1_54' title='bbox 504 1052 628 1106; x_wconf 80' lang='lat' dir='ltr'><strong>machina</strong></span> <span class='ocrx_word' id='word_1_55' title='bbox 639 1068 748 1116; x_wconf 86' lang='lat' dir='ltr'><strong>cursus,</strong></span> 
     </span>
     <span class='ocr_line' id='line_1_11' title="bbox 81 1146 782 1218; baseline 0.004 -19"><span class='ocrx_word' id='word_1_56' title='bbox 81 1146 302 1216; x_wconf 77' lang='lat' dir='ltr'><strong>principiumque</strong></span> <span class='ocrx_word' id='word_1_57' title='bbox 314 1148 403 1201; x_wconf 87' lang='lat' dir='ltr'><strong>brevis</strong></span> <span class='ocrx_word' id='word_1_58' title='bbox 416 1154 508 1202; x_wconf 87' lang='lat' dir='ltr'><strong>motus</strong></span> <span class='ocrx_word' id='word_1_59' title='bbox 520 1148 645 1203; x_wconf 82' lang='lat' dir='ltr'><strong>confessa</strong></span> <span class='ocrx_word' id='word_1_60' title='bbox 657 1149 782 1218; x_wconf 82' lang='lat' dir='ltr'><strong>quiescit.</strong></span> 
     </span>
    </p>
   </div>
   <div class='ocr_carea' id='block_1_3' title="bbox 184 1318 845 1385">
    <p class='ocr_par' dir='ltr' id='par_1_4' title="bbox 184 1318 845 1385">
     <span class='ocr_line' id='line_1_12' title="bbox 184 1318 845 1385; baseline -0.002 -17"><span class='ocrx_word' id='word_1_61' title='bbox 184 1319 357 1382; x_wconf 79' lang='lat' dir='ltr'><strong>Cantabrigiae,</strong></span> <span class='ocrx_word' id='word_1_62' title='bbox 369 1319 395 1367; x_wconf 92' lang='lat' dir='ltr'><strong>in</strong></span> <span class='ocrx_word' id='word_1_63' title='bbox 406 1319 521 1369; x_wconf 82' lang='lat' dir='ltr'><strong>comitiis</strong></span> <span class='ocrx_word' id='word_1_64' title='bbox 533 1320 721 1385; x_wconf 80' lang='lat' dir='ltr'><strong>posterioribus,</strong></span> <span class='ocrx_word' id='word_1_65' title='bbox 736 1318 845 1373; x_wconf 72' lang='grc' dir='ltr'><strong>1715-Ιὰ</strong></span> 
     </span>
    </p>
   </div>
   <div class='ocr_carea' id='block_1_4' title="bbox 351 1805 613 1869">
    <p class='ocr_par' dir='ltr' id='par_1_5' title="bbox 351 1805 613 1869">
     <span class='ocr_line' id='line_1_13' title="bbox 351 1805 613 1869; baseline -0.011 -4"><span class='ocrx_word' id='word_1_66' title='bbox 351 1805 613 1869; x_wconf 64' lang='grc' dir='ltr'>ἘΞΑΗΜΕΡΟΝ</span> 
     </span>
    </p>
   </div>
   <div class='ocr_carea' id='block_1_5' title="bbox 47 2001 879 3032">
    <p class='ocr_par' dir='ltr' id='par_1_6' title="bbox 47 2001 879 3032">
     <span class='ocr_line' id='line_1_14' title="bbox 84 2001 764 2072; baseline 0.007 -19"><span class='ocrx_word' id='word_1_67' title='bbox 84 2001 254 2056; x_wconf 79' lang='lat' dir='ltr'><strong>Pnrncrrrurr</strong></span> <span class='ocrx_word' id='word_1_68' title='bbox 269 2021 368 2067; x_wconf 90' lang='lat' dir='ltr'><strong>rerum,</strong></span> <span class='ocrx_word' id='word_1_69' title='bbox 383 2005 447 2068; x_wconf 91' lang='lat' dir='ltr'><strong>caeli‚</strong></span> <span class='ocrx_word' id='word_1_70' title='bbox 463 2011 603 2072; x_wconf 82' lang='lat' dir='ltr'><strong>terraeque,</strong></span> <span class='ocrx_word' id='word_1_71' title='bbox 618 2004 764 2071; x_wconf 85' lang='lat' dir='ltr'><strong>marisque,</strong></span> 
     </span>
     <span class='ocr_line' id='line_1_15' title="bbox 82 2099 877 2168; baseline 0.005 -18"><span class='ocrx_word' id='word_1_72' title='bbox 82 2100 247 2152; x_wconf 85' lang='lat' dir='ltr'><strong>Nasceutem</strong></span> <span class='ocrx_word' id='word_1_73' title='bbox 261 2117 276 2153; x_wconf 92' lang='lat' dir='ltr'><strong>e</strong></span> <span class='ocrx_word' id='word_1_74' title='bbox 288 2099 373 2154; x_wconf 90' lang='lat' dir='ltr'><strong>nihilo</strong></span> <span class='ocrx_word' id='word_1_75' title='bbox 385 2100 528 2163; x_wconf 82' lang='lat' dir='ltr'><strong>mundum,</strong></span> <span class='ocrx_word' id='word_1_76' title='bbox 543 2099 728 2168; x_wconf 85' lang='lat' dir='ltr'><strong>artificemque</strong></span> <span class='ocrx_word' id='word_1_77' title='bbox 741 2100 877 2161; x_wconf 71' lang='lat' dir='ltr'><strong>renovari,</strong></span> 
     </span>
     <span class='ocr_line' id='line_1_16' title="bbox 83 2193 838 2264; baseline 0.007 -19"><span class='ocrx_word' id='word_1_78' title='bbox 83 2193 214 2262; x_wconf 84' lang='lat' dir='ltr'><strong>Magnum</strong></span> <span class='ocrx_word' id='word_1_79' title='bbox 227 2211 304 2262; x_wconf 91' lang='lat' dir='ltr'><strong>opus,</strong></span> <span class='ocrx_word' id='word_1_80' title='bbox 319 2196 460 2264; x_wconf 77' lang='lat' dir='ltr'><strong>aggredior</strong></span> <span class='ocrx_word' id='word_1_81' title='bbox 473 2195 550 2249; x_wconf 87' lang='lat' dir='ltr'><strong>tenui</strong></span> <span class='ocrx_word' id='word_1_82' title='bbox 562 2195 698 2248; x_wconf 86' lang='lat' dir='ltr'><strong>celebrare</strong></span> <span class='ocrx_word' id='word_1_83' title='bbox 710 2212 838 2250; x_wconf 80' lang='lat' dir='ltr'><strong>cumoeuc.</strong></span> 
     </span>
     <span class='ocr_line' id='line_1_17' title="bbox 119 2292 786 2360; baseline 0.007 -19"><span class='ocrx_word' id='word_1_84' title='bbox 119 2292 193 2342; x_wconf 87' lang='lat' dir='ltr'><strong>Ante</strong></span> <span class='ocrx_word' id='word_1_85' title='bbox 206 2307 288 2352; x_wconf 83' lang='lat' dir='ltr'><strong>mare,</strong></span> <span class='ocrx_word' id='word_1_86' title='bbox 305 2299 332 2344; x_wconf 91' lang='lat' dir='ltr'><strong>et</strong></span> <span class='ocrx_word' id='word_1_87' title='bbox 344 2299 437 2353; x_wconf 83' lang='lat' dir='ltr'><strong>terres,</strong></span> <span class='ocrx_word' id='word_1_88' title='bbox 453 2293 598 2360; x_wconf 83' lang='lat' dir='ltr'><strong>superique</strong></span> <span class='ocrx_word' id='word_1_89' title='bbox 611 2292 707 2360; x_wconf 82' lang='lat' dir='ltr'><strong>palatia</strong></span> <span class='ocrx_word' id='word_1_90' title='bbox 720 2293 786 2355; x_wconf 83' lang='lat' dir='ltr'><strong>caeii,</strong></span> 
     </span>
     <span class='ocr_line' id='line_1_18' title="bbox 83 2385 879 2458; baseline 0.008 -21"><span class='ocrx_word' id='word_1_91' title='bbox 83 2385 182 2438; x_wconf 89' lang='lat' dir='ltr'><strong>Omnia</strong></span> <span class='ocrx_word' id='word_1_92' title='bbox 192 2393 268 2439; x_wconf 79' lang='lat' dir='ltr'><strong>erant</strong></span> <span class='ocrx_word' id='word_1_93' title='bbox 276 2388 401 2450; x_wconf 66' lang='lat' dir='ltr'><strong>tenebrae,</strong></span> <span class='ocrx_word' id='word_1_94' title='bbox 414 2387 495 2441; x_wconf 81' lang='lat' dir='ltr'><strong>chaos</strong></span> <span class='ocrx_word' id='word_1_95' title='bbox 505 2387 610 2447; x_wconf 62' lang='lat' dir='ltr'><strong>omnim</strong></span> <span class='ocrx_word' id='word_1_96' title='bbox 625 2403 688 2440; x_wconf 91' lang='lat' dir='ltr'><strong>cum</strong></span> <span class='ocrx_word' id='word_1_97' title='bbox 700 2386 779 2442; x_wconf 88' lang='lat' dir='ltr'><strong>Deus</strong></span> <span class='ocrx_word' id='word_1_98' title='bbox 787 2388 879 2458; x_wconf 81' lang='lat' dir='ltr'><strong>iuquit,</strong></span> 
     </span>
     <span class='ocr_line' id='line_1_19' title="bbox 84 2480 867 2551; baseline 0.006 -19"><span class='ocrx_word' id='word_1_99' title='bbox 84 2488 101 2509; x_wconf 79' lang='lat'><strong>‘⁶</strong></span> <span class='ocrx_word' id='word_1_100' title='bbox 113 2480 172 2533; x_wconf 85' lang='lat' dir='ltr'><strong>Fiat</strong></span> <span class='ocrx_word' id='word_1_101' title='bbox 183 2481 258 2534; x_wconf 87' lang='lat' dir='ltr'><strong>lux.”</strong></span> <span class='ocrx_word' id='word_1_102' title='bbox 287 2482 406 2536; x_wconf 89' lang='lat' dir='ltr'><strong>Verbum</strong></span> <span class='ocrx_word' id='word_1_103' title='bbox 420 2483 592 2551; x_wconf 86' lang='lat' dir='ltr'><strong>omnipotens</strong></span> <span class='ocrx_word' id='word_1_104' title='bbox 606 2500 661 2536; x_wconf 84' lang='lat' dir='ltr'><strong>nox</strong></span> <span class='ocrx_word' id='word_1_105' title='bbox 673 2483 799 2551; x_wconf 88' lang='lat' dir='ltr'><strong>protinus</strong></span> <span class='ocrx_word' id='word_1_106' title='bbox 811 2490 867 2538; x_wconf 75' lang='lat' dir='ltr'><strong>utre</strong></span> 
     </span>
     <span class='ocr_line' id='line_1_20' title="bbox 84 2574 777 2645; baseline 0.009 -19"><span class='ocrx_word' id='word_1_107' title='bbox 84 2574 186 2637; x_wconf 84' lang='lat' dir='ltr'><strong>Audiit,</strong></span> <span class='ocrx_word' id='word_1_108' title='bbox 201 2576 284 2643; x_wconf 86' lang='lat' dir='ltr'><strong>inque</strong></span> <span class='ocrx_word' id='word_1_109' title='bbox 296 2592 359 2630; x_wconf 79' lang='lat' dir='ltr'><strong>suus</strong></span> <span class='ocrx_word' id='word_1_110' title='bbox 370 2576 440 2645; x_wconf 84' lang='lat' dir='ltr'><strong>fugit</strong></span> <span class='ocrx_word' id='word_1_111' title='bbox 452 2577 631 2631; x_wconf 83' lang='lat' dir='ltr'><strong>tremebunda</strong></span> <span class='ocrx_word' id='word_1_112' title='bbox 642 2577 777 2639; x_wconf 69' lang='lat' dir='ltr'><strong>latebras:</strong></span> 
     </span>
     <span class='ocr_line' id='line_1_21' title="bbox 84 2668 598 2739; baseline 0.012 -19"><span class='ocrx_word' id='word_1_113' title='bbox 84 2668 235 2738; x_wconf 86' lang='lat' dir='ltr'><strong>Stipatique</strong></span> <span class='ocrx_word' id='word_1_114' title='bbox 247 2671 323 2739; x_wconf 86' lang='lat' dir='ltr'><strong>ignes</strong></span> <span class='ocrx_word' id='word_1_115' title='bbox 336 2671 466 2726; x_wconf 75' lang='lat' dir='ltr'><strong>radiantia</strong></span> <span class='ocrx_word' id='word_1_116' title='bbox 477 2672 533 2726; x_wconf 80' lang='lat' dir='ltr'><strong>tela</strong></span> <span class='ocrx_word' id='word_1_117' title='bbox 545 2673 598 2726; x_wconf 90' lang='lat' dir='ltr'><strong>diei</strong></span> 
     </span>
     <span class='ocr_line' id='line_1_22' title="bbox 79 2763 675 2829; baseline 0.003 -13"><span class='ocrx_word' id='word_1_118' title='bbox 79 2763 190 2829; x_wconf 84' lang='lat' dir='ltr'><strong>Misere,</strong></span> <span class='ocrx_word' id='word_1_119' title='bbox 206 2772 235 2821; x_wconf 88' lang='lat' dir='ltr'><strong>et</strong></span> <span class='ocrx_word' id='word_1_120' title='bbox 248 2766 306 2822; x_wconf 92' lang='lat' dir='ltr'><strong>risit</strong></span> <span class='ocrx_word' id='word_1_121' title='bbox 319 2766 418 2822; x_wconf 82' lang='lat' dir='ltr'><strong>diffuso</strong></span> <span class='ocrx_word' id='word_1_122' title='bbox 428 2766 534 2821; x_wconf 89' lang='lat' dir='ltr'><strong>iumine</strong></span> <span class='ocrx_word' id='word_1_123' title='bbox 544 2767 675 2819; x_wconf 74' lang='lat' dir='ltr'><strong>munius.</strong></span> 
     </span>
     <span class='ocr_line' id='line_1_23' title="bbox 64 2859 723 2938; baseline -0.005 -24"><span class='ocrx_word' id='word_1_124' title='bbox 64 2861 112 2914; x_wconf 82' lang='lat' dir='ltr'><strong>Sic</strong></span> <span class='ocrx_word' id='word_1_125' title='bbox 123 2864 239 2932; x_wconf 87' lang='lat' dir='ltr'><strong>primus</strong></span> <span class='ocrx_word' id='word_1_126' title='bbox 254 2865 365 2938; x_wconf 82' lang='lat' dir='ltr'><strong>fulgere</strong></span> <span class='ocrx_word' id='word_1_127' title='bbox 380 2864 442 2919; x_wconf 79' lang='lat' dir='ltr'><strong>dies</strong></span> <span class='ocrx_word' id='word_1_128' title='bbox 452 2861 570 2928; x_wconf 72' lang='lat' dir='ltr'><strong>incepit,</strong></span> <span class='ocrx_word' id='word_1_129' title='bbox 584 2863 615 2910; x_wconf 78' lang='lat' dir='ltr'><strong>et</strong></span> <span class='ocrx_word' id='word_1_130' title='bbox 625 2859 723 2908; x_wconf 74' lang='lat' dir='ltr'><strong>cr‘uem</strong></span> 
     </span>
     <span class='ocr_line' id='line_1_24' title="bbox 47 2948 799 3032; baseline -0.015 -19"><span class='ocrx_word' id='word_1_131' title='bbox 47 2955 250 3032; x_wconf 86' lang='lat' dir='ltr'><strong>Describens,</strong></span> <span class='ocrx_word' id='word_1_132' title='bbox 267 2966 347 3022; x_wconf 81' lang='lat' dir='ltr'><strong>alios</strong></span> <span class='ocrx_word' id='word_1_133' title='bbox 358 2961 450 3020; x_wconf 77' lang='lat' dir='ltr'><strong>latuit</strong></span> <span class='ocrx_word' id='word_1_134' title='bbox 461 2949 651 3013; x_wconf 69' lang='lat' dir='ltr'><strong>renouenuus</strong></span> <span class='ocrx_word' id='word_1_135' title='bbox 658 2948 695 2997; x_wconf 81' lang='lat' dir='ltr'><strong>&#39;rn</strong></span> <span class='ocrx_word' id='word_1_136' title='bbox 707 2951 799 2993; x_wconf 69' lang='lat' dir='ltr'><strong>nnus.</strong></span> 
     </span>
    </p>
   </div>
   <div class='ocr_carea' id='block_1_6' title="bbox 0 0 930 3216">
    <p class='ocr_par' dir='ltr' id='par_1_7' title="bbox 0 0 930 3216">
     <span class='ocr_line' id='line_1_25' title="bbox 0 0 930 3216; baseline 0 0"><span class='ocrx_word' id='word_1_137' title='bbox 0 0 930 3216; x_wconf 95' lang='lat' dir='ltr'><strong> </strong></span> 
     </span>
    </p>
   </div>
  </div>
 </body>
</html>
