1830 3216
91 101 140 148 196
244 113 351 148 rauxus
371 113 405 147 aa
425 111 569 147 nnrnuxus
589 109 683 154 naurs,
700 111 762 148 arc.

127 255 261 322 Principio
275 256 369 317 solem,
386 262 518 316 artemas,
534 253 715 323 praeclaraque
727 255 788 308 coeli

91 351 213 412 Lumina,
229 358 442 419 surgentemque
455 351 481 403 in
496 356 636 402 menstrua
647 365 753 402 cornua
766 349 853 403 lunam

89 445 135 498 Vis
148 445 237 498 infusa
249 445 327 514 regit,
342 445 486 513 coitusque
498 445 631 497 immensa
642 443 745 512 cupido

91 541 193 594 Molem
206 541 268 609 agit,
285 549 312 594 et
325 558 423 609 magno
436 541 532 595 mundi
544 557 574 594 se
587 556 702 608 corpore
715 541 821 595 miscet.

87 637 207 691 AEtheris
219 637 283 691 hinc
295 638 372 706 ignes
385 637 522 699 labuntur,
538 643 565 690 et
578 643 650 689 errat
665 636 694 688 in
706 637 788 690 orbes

90 734 213 803 Quisque
225 751 299 797 suos,
316 734 409 788 Phoebi
421 734 539 797 arbitrio,
554 733 602 802 qui
614 733 704 787 sidere
716 741 793 787 certo

89 829 253 898 Circumagit
265 847 342 901 gyro,
358 848 417 885 sese
435 848 528 884 exsors
542 831 598 898 ipse
611 831 760 884 movendi:

88 927 160 980 Hinc
173 928 254 981 celeri
267 929 369 982 circum
382 923 514 996 ¹vertigine
529 928 648 998 Cynthia
661 934 737 996 rapta

88 1023 221 1086 Volvitur,
237 1031 265 1076 et
278 1024 363 1078 varias
376 1024 527 1092 splendoris
539 1024 643 1078 lubrica
654 1024 757 1077 formas

89 1120 191 1182 Induit,
206 1137 254 1172 ora
265 1120 353 1174 modis
365 1128 507 1175 ostentans
520 1121 635 1174 candida
647 1121 731 1174 miris

90 1216 157 1277 Quae
170 1217 298 1285 quoniam
312 1226 396 1272 terras
408 1218 519 1287 propius
532 1234 599 1285 vaga
610 1217 715 1270 lumine
727 1217 831 1279 lustret,

88 1311 185 1375 Efficit,
200 1322 231 1367 ut
244 1314 342 1381 cupide
354 1331 463 1368 sursum
476 1314 560 1382 magis
573 1314 664 1367 omnia
674 1314 791 1367 tendant

90 1409 215 1477 Surgere.
232 1410 416 1478 dilectumque
429 1418 524 1478 parent
536 1410 667 1463 accedere
679 1409 714 1463 ad
726 1411 828 1463 orbem.

94 1505 131 1557 At
144 1506 199 1558 leni
212 1505 323 1573 imperio
338 1506 451 1560 Phoebes
464 1522 557 1575 parere
570 1512 697 1559 recusant

88 1601 190 1654 Educti
203 1602 267 1655 caelo
277 1609 395 1665 montes,
410 1602 548 1670 nullisque
561 1601 708 1655 trahuntur

90 1697 236 1760 Illeoebris
252 1698 341 1751 solido
355 1699 426 1752 vires
439 1700 504 1751 dum
517 1715 631 1767 corpore
643 1698 768 1752 vincunt.

88 1793 181 1848 Mollis
193 1812 269 1863 aquoe
282 1796 362 1849 citius
375 1796 447 1850 cedit
460 1804 564 1859 natura,
580 1795 715 1863 marisque

89 1890 222 1957 Agnoscit
235 1891 388 1952 dominam
407 1891 508 1945 fluctus
521 1890 602 1944 simul
614 1890 661 1943 illa
673 1890 799 1944 volentes

88 1986 133 2038 Ad
145 2002 206 2039 sese
219 1993 307 2047 vocat,
321 1994 403 2055 atque
415 1987 470 2039 imo
483 1987 536 2040 ciet
549 2002 660 2055 aequora
671 1985 768 2049 fundo,

90 2082 229 2135 Attollens
240 2082 369 2151 liquidam
383 2084 483 2137 molem
497 2100 663 2152 camposque
675 2073 812 2137 natantes.

89 2181 141 2241 Ac,
158 2178 234 2231 velut
248 2178 360 2232 incensa
371 2180 476 2248 ingenti
488 2180 621 2248 magnetis
633 2196 727 2233 amore

88 2275 263 2337 Ammaous,
278 2283 458 2344 properatque
471 2276 552 2338 coire,
567 2275 689 2344 salitque,
706 2283 881 2345 tremensque

88 2370 191 2424 Nititur
206 2373 239 2425 ad
251 2370 347 2439 lapidis
359 2370 439 2433 lat-us,
454 2378 482 2424 et
495 2387 566 2424 nova
578 2371 686 2425 vincula
698 2371 799 2433 sentit;

88 2467 169 2520 Haud
181 2467 267 2529 aliter,
282 2467 355 2519 lunae
369 2468 516 2521 observans
528 2468 587 2529 iter,
602 2467 682 2520 altius
696 2467 784 2522 undas

87 2560 181 2629 Erigit,
196 2562 367 2631 assurgitque
378 2562 454 2615 fretis
466 2562 634 2616 ferventibus
648 2577 747 2630 aequor.

87 2658 146 2711 Neo
159 2675 242 2722 mora,
258 2675 309 2712 neo
323 2659 446 2727 requiem
466 2674 561 2727 quase
574 2659 626 2713 lert
641 2658 770 2730 Cynthia,
787 2660 869 2728 ponti

81 2754 243 2825 Insequitur
255 2754 384 2810 cumulus
396 2771 493 2808 comes
505 2771 569 2817 una,
583 2762 611 2808 et
622 2755 720 2822 gibbus
732 2771 874 2826 aquarum.

68 2851 142 2906 Cum
157 2856 288 2924 primum
302 2863 405 2912 nostro
419 2853 494 2909 vasti
504 2852 603 2920 regina
609 2850 744 2917 protundx

50 2947 208 3010 Incumbit
223 2957 346 3028 pelago,
366 2952 535 3024 tumidique
546 2949 583 3002 ad
590 2946 692 2998 littora
698 2941 808 2991 boetus

32 3041 120 3104 Nora
137 3064 252 3122 ruunt,
273 3064 368 3129 parte
382 3072 424 3112 ex
438 3051 498 3106 alia
510 3036 678 3103 retinacula
687 3030 776 3086 goim
