1830 3216
93 117 146 168 256
271 133 341 168 uuus
360 128 413 168 usn
428 128 639 177 coonoseunrrc,
655 128 721 169 uuo,

131 269 200 321 Nam
211 269 234 323 si
245 286 301 322 non
313 270 370 322 aliis
383 286 443 324 sese
455 271 567 324 vinxere
579 271 683 323 catenis

94 364 282 418 Fundamenta
294 365 373 427 orbim
389 366 412 419 si
424 366 498 418 nulia
510 367 570 432 lege
583 372 722 426 tenentur,

95 460 151 512 Cur
163 477 217 512 non
232 459 365 522 materies,
381 461 479 514 veteris
492 461 537 513 vix
549 461 692 513 immemor
701 461 755 521 irae,

94 557 202 610 Rursus
216 557 286 609 bella
298 557 360 618 ciet,
376 564 560 624 renovataque
571 557 660 624 praelia
673 557 778 618 miscet,

94 653 271 720 Disruptique
284 651 338 704 ruit
350 652 436 704 moles
446 658 473 704 et
487 652 610 704 machina
621 652 739 705 mundi?

96 748 163 808 Quae
176 765 308 816 suspensa
320 755 396 801 tenet
408 749 511 816 liquido
525 749 565 802 vis
578 765 692 817 corpore
705 748 794 802 caeio'?

95 844 175 896 Unde
189 850 237 905 est,
258 844 330 911 quod
343 859 437 910 pacem
452 844 586 897 Saturnus
599 860 661 897 cum
675 843 747 896 Jove
757 850 843 898 servet

94 939 274 1017 Perpetuam
295 956 385 1008 neque
398 940 467 993 belle
478 946 554 1008 paret
566 939 639 992 Mors
648 939 810 1007 proximus?
824 938 886 992 undo

94 1036 239 1089 Limitibus
251 1035 311 1088 fixis
325 1041 454 1088 contenta
466 1034 581 1088 Venus?
600 1051 691 1103 neque
704 1043 805 1089 terram

95 1131 248 1184 Mercurius
261 1131 352 1199 rapide
365 1131 415 1184 sibi
426 1129 528 1183 furtivo
540 1130 656 1183 attrahat
666 1129 758 1183 orbe?

95 1229 176 1281 Unde
188 1229 226 1290 fit,
241 1235 272 1281 ut
284 1228 368 1281 tristis
380 1235 487 1281 vastum
496 1245 544 1296 per
556 1228 637 1281 inune
649 1234 759 1281 cometa

93 1325 223 1377 Versetur
236 1324 328 1391 rapido
341 1341 405 1377 cum
417 1325 533 1386 turbine,
549 1340 600 1376 neo
612 1330 705 1377 tamen
718 1324 794 1378 ultra

94 1420 217 1488 Ellipsim
229 1421 344 1488 positam
358 1421 445 1473 valeat
457 1427 599 1489 certasque
612 1420 703 1488 vagari

96 1515 200 1575 Metas;
224 1516 289 1583 quin
302 1516 401 1568 iterum
415 1516 515 1578 redeat,
531 1532 669 1584 cursuque
681 1523 794 1584 peracto

95 1612 151 1664 Ter
164 1618 275 1664 centum
288 1628 430 1673 annorum,
446 1611 525 1664 terris
537 1611 620 1664 ferale
634 1612 781 1664 rubentem
854 1606 857 1611 ’

96 1707 224 1760 Ostentet
237 1708 347 1769 crinem,
363 1714 390 1760 et
403 1707 489 1760 cauda
501 1713 649 1774 perterreat
662 1706 778 1760 orbem?

95 1803 146 1857 His
159 1820 248 1871 super,
263 1804 363 1857 infixus
376 1803 452 1865 solio,
468 1803 509 1856 sol
522 1803 648 1856 vendicat
659 1803 749 1856 almus

95 1900 251 1969 Imperium,
264 1918 299 1954 ne
311 1901 451 1955 discordes
460 1900 542 1954 simul
552 1900 662 1953 orbibus
676 1900 757 1953 orbes

96 1997 280 2060 confundant,
295 1997 452 2065 subitasque
464 1995 571 2048 trahant
584 2010 678 2048 secum
691 1993 756 2047 inde
769 1993 869 2047 ruinas„

97 2095 134 2146 At
147 2093 248 2145 frustm
258 2092 342 2160 longe
353 2090 479 2145 distantia
491 2106 604 2158 corpora
617 2089 736 2142 Phoebus

95 2187 212 2255 Imperio
225 2193 377 2255 premeret>¹
383 2186 435 2257 nisi
448 2186 488 2238 vis
501 2185 616 2237 divinior
629 2184 681 2237 illis

95 2283 219 2344 Incubet,
235 2283 367 2334 immensa
379 2281 475 2333 mundi
487 2297 517 2333 se
529 2281 601 2332 mole
614 2279 773 2332 remiscens.

131 2378 264 2431 Praeterea
277 2377 369 2430 nullus
378 2377 402 2430 si
413 2377 522 2444 spiritus
535 2377 608 2429 intus
620 2375 708 2428 alebat

97 2476 207 2537 Orbem,
222 2475 269 2543 qui
281 2475 377 2527 dextra
387 2474 483 2526 mundi
492 2480 632 2542 torqueret
644 2473 774 2534 habenas,

98 2572 166 2632 Quis
178 2571 326 2624 matutinos
339 2571 418 2632 soles,
433 2576 621 2637 nocturnaque
634 2568 702 2620 roris

96 2668 214 2720 Distillat
228 2668 307 2728 dona,
317 2673 398 2733 atque
411 2671 524 2719 exornat
536 2665 659 2732 frugibus
668 2662 794 2716 annum?

93 2763 163 2826 Quis
176 2761 313 2817 moriente
326 2761 370 2815 die
382 2760 621 2814 condentiesidera
633 2759 708 2812 nosci

75 2863 99 2917 J
99 2871 220 2929 usserat,
238 2861 419 2932 accendique
432 2853 758 2912 uirenoiuuirneiunum'r

71 2962 150 3026 Quis
167 2973 284 3022 terram
296 2962 395 3037 pingit
410 2949 606 3019 decoratur&
625 2943 890 3012 'iiiiffifflbffl
