1830 3216
355 629 556 685 MANUALE

104 835 303 874 rrrounarma
322 834 394 872 oum
414 833 573 881 andronius,
595 833 681 873 NULL!
701 828 802 871 Uffissl

215 956 357 994 numum
376 955 520 992 instituunt
539 955 693 993 onumen.

60 1231 182 1285 Exrauus
195 1232 262 1286 liber
275 1241 325 1295 est,
341 1233 466 1301 muliebri
477 1234 572 1287 creber
584 1233 612 1285 in
626 1247 686 1295 usu,

90 1326 146 1381 Per
158 1344 188 1382 sc
200 1329 248 1397 qui
259 1329 312 1382 dici
326 1329 494 1383 Bibliotheca
507 1329 606 1396 pot-est.

60 1423 142 1492 Copia
154 1425 298 1479 verborum
312 1441 367 1479 non
381 1432 431 1488 est,
446 1426 494 1480 sed
507 1425 584 1493 copia
600 1439 691 1478 rerum
705 1445 712 1483 r
798 1419 800 1423 ⁸

92 1518 178 1587 Copia
190 1521 276 1588 (quod
288 1537 370 1574 nemo
381 1521 511 1588 deneget)
525 1519 625 1572 utilior.

60 1613 156 1668 Rubris
168 1616 310 1669 consuitur
322 1617 436 1686 paunis;
455 1617 512 1670 sors
524 1616 626 1669 texitur
638 1631 721 1675 auro;

92 1711 139 1765 Bis
152 1718 230 1766 sexta
241 1714 274 1766 ad
287 1730 425 1767 summum
437 1713 533 1784 pagina
545 1712 647 1767 claudit
658 1728 736 1780 opus.

60 1806 103 1860 Nil
114 1807 197 1861 habet
208 1825 224 1860 a
236 1816 313 1877 tergo
325 1808 433 1863 titulive
444 1817 492 1862 aut
504 1808 621 1862 nominis
631 1829 639 1869 3
659 1809 733 1862 intus

91 1903 249 1957 Thesauros
261 1905 326 1958 artis
339 1913 437 1967 servat,
450 1913 477 1959 et
489 1904 563 1958 intus
576 1920 659 1972 opes:

60 2000 135 2054 lutus
149 2017 223 2068 opes,
235 2017 302 2070 quas
314 2002 435 2072 nympha
446 2003 509 2055 sinu
521 2002 702 2071 pulcherrima
712 2009 810 2070 gestet,
832 2060 835 2064 Α

91 2096 169 2157 Quas
182 2096 245 2149 uivc
257 2096 396 2150 candidior
407 2103 506 2151 tractet
517 2105 645 2166 ametque
657 2114 762 2151 manus.

60 2191 175 2252 Quando
188 2191 400 2244 instrumentum
413 2208 530 2260 presens
542 2192 592 2245 sibi
605 2193 724 2260 postulat
736 2209 811 2255 usus,

93 2281 226 2355 blajusve,
241 2297 297 2351 aut,
312 2289 401 2356 operis
414 2305 463 2357 pro
476 2289 588 2352 ratione,
603 2290 704 2343 miuus.

60 2385 90 2437 Et
102 2400 206 2452 genere
219 2392 246 2437 et
258 2385 370 2438 modulo
383 2385 489 2438 diversa
500 2386 583 2438 habet
594 2402 675 2448 arma,
690 2386 820 2454 gradatim

91 2478 214 2548 Digesta,
229 2480 263 2532 ad
276 2497 406 2534 numeros
418 2487 558 2534 attenuate
570 2497 650 2535 suos:

60 2576 178 2629 Primum
193 2575 342 2630 Enchiridii
353 2576 448 2631 lolium
461 2578 611 2647 majuscula
622 2578 731 2646 profert,

93 2670 201 2734 Qualia,
216 2688 275 2740 quoe
287 2673 368 2726 blaeso
382 2680 423 2726 est
435 2672 547 2735 lumine,
564 2686 658 2742 poscat
672 2690 752 2726 auus.

60 2765 138 2826 Quod
146 2765 271 2832 sequitur
280 2767 386 2830 folium,
403 2752 540 2825 matronis
553 2789 635 2826 arma
644 2769 803 2829 ministrat,

74 2858 177 2910 Dicere
189 2875 250 2926 qnae
260 2863 371 2932 magnis
384 2869 570 2938 proximiora
579 2872 668 2926 licet.

759 2980 786 3016 ῃ
795 2960 820 3007 ‘3
