1830 3216
223 560 416 615 VICTORIA
439 562 641 616 FORENSIS.

61 739 100 775 uo
115 738 179 775 curn
196 721 269 773 Titio
281 721 313 773 lis
327 728 354 773 et
366 721 473 774 vexatio
485 721 567 788 longa

65 818 139 871 Sunt
153 818 187 869 de
200 815 280 868 vicini
292 817 456 882 proprietate
468 815 527 867 soli.

61 913 162 966 otinus
175 912 300 980 ingentes
312 911 417 964 animos
430 911 458 962 in
467 911 559 979 jurgia
570 917 683 962 sumunt
715 894 717 896 ’

66 1008 192 1076 Utraque
204 1007 332 1060 vincendi
344 1023 404 1074 pars
416 1007 538 1060 studiose
549 1007 637 1058 nimis.

62 1121 77 1157 s
91 1111 182 1156 tumet
194 1102 221 1154 in
235 1103 386 1164 schedulas,
402 1110 429 1154 et
436 1102 494 1170 jam
508 1103 654 1164 verbosior,
670 1102 782 1171 etjam:

67 1199 128 1252 Neo
141 1200 254 1251 verbum
267 1199 382 1267 quodvis
394 1215 454 1250 asse
466 1199 578 1250 minoris
591 1204 694 1250 emunt.

62 1300 201 1347 ¹aetereunt
214 1309 330 1354 menses,
346 1301 373 1345 et
386 1291 520 1345 terminus
533 1293 600 1345 alter
613 1300 641 1345 et
653 1291 736 1351 alten

68 1389 194 1456 Quisque
206 1405 292 1441 novos
304 1395 437 1454 sumptus,
452 1388 520 1440 alter
534 1396 561 1440 et
573 1389 649 1448 ulter,
665 1387 773 1440 habent.

62 1503 81 1538 e
94 1501 221 1554 querens
233 1483 277 1536 hic
290 1483 456 1550 respondens
469 1482 606 1551 pendente
619 1490 731 1535 vocatur

68 1582 148 1640 Lite;
168 1582 224 1642 sed.
240 1579 368 1633 adfinem
382 1579 443 1640 litis,
459 1586 576 1647 uterque
589 1595 715 1647 querens.

215 2112 436 2166 CERTAMEN
460 2111 654 2167 MUSICUM.

62 2314 114 2351 cro
126 2304 201 2350 trans
217 2297 338 2350 Tamisin
352 2299 488 2366 campanis
501 2299 562 2351 diva
578 2297 680 2354 Mario:

70 2393 117 2446 Cis
133 2392 253 2444 Tamisin
267 2393 308 2446 bis
320 2409 368 2445 sex
382 2393 443 2445 diva
457 2393 578 2462 Brigetta
590 2401 677 2446 sonat.

64 2507 101 2543 reo
114 2497 212 2542 tenues
225 2497 305 2557 urget
317 2489 443 2542 modulos
456 2490 644 2557 properantius
658 2491 739 2550 aedes,

72 2587 199 2638 Alternat
210 2586 327 2653 grandes
338 2586 440 2638 lentius
453 2587 497 2638 illa
510 2587 614 2640 modos.

64 2701 95 2736 eo
108 2683 169 2751 quis
182 2682 209 2734 in
221 2682 353 2736 alterutro
366 2683 514 2752 distinguat
527 2685 618 2736 littore
628 2684 723 2751 judex,

73 2782 118 2832 An
132 2780 217 2848 magis
230 2779 285 2833 haec
298 2797 390 2832 aurern
405 2787 502 2850 captet,
518 2799 553 2834 an
567 2781 614 2835 iiia
624 2781 724 2851 inagis.

63 2884 127 2927 rute
137 2883 180 2926 est
190 2876 336 2929 herrnoniae
347 2880 495 2934 contentio
509 2883 644 2943 musicen
663 2880 757 2936 turns

63 2967 147 3016 tltero
160 2983 222 3018 cunr
236 2985 380 3035 numeros,
399 2977 495 3034 altera
507 2983 636 3050 pondus
650 2981 757 3035 nuber..
