1830 3216
368 110 472 146 voruu.
785 98 820 146 65

16 247 131 319 Regum
146 257 176 302 ut
188 249 310 302 laudator
321 249 391 311 fiam,
407 249 531 317 vitiisque
544 249 675 310 minister,

57 345 204 415 Ingenium
216 345 299 399 nolim
316 345 486 413 prostituisse
498 362 605 404 meum;

18 441 92 505 Nec,
106 442 180 496 canis
193 450 224 496 ut
236 444 347 496 caudam
361 443 516 496 submittam
529 450 556 496 et
568 443 687 495 blandiar
700 443 790 501 instar,

57 539 203 600 Perbreve‚
215 538 287 606 quod
301 539 381 591 morti
392 538 529 601 subtraho,
544 546 652 607 tempus
664 555 749 607 egem.

18 635 112 703 AEquo
124 635 244 687 animum
258 635 377 702 imperio,
393 641 444 687 etc.

18 829 65 881 Ad
79 834 169 880 tantas
181 841 231 880 uec
244 835 336 896 surgat
349 844 421 895 opes,
437 845 517 896 quem
534 827 789 897 diligo‚{quisquam,

56 924 171 978 Nesciat
183 931 214 977 ut
226 930 314 986 notos,
328 932 525 994 praetereatque
537 925 647 986 videns;

19 1021 93 1075 Tam
105 1037 188 1089 supra
197 1021 232 1074 sit
245 1038 325 1075 nemo
338 1022 414 1084 situs,
429 1029 483 1074 tam
497 1039 577 1075 nemo
587 1023 621 1074 sit
634 1022 709 1084 infra,

56 1117 98 1172 Ut
109 1117 177 1170 mihi
189 1118 320 1179 vellitur,
334 1118 378 1170 vel
390 1119 440 1172 siet
453 1119 517 1172 iude
530 1119 614 1171 dulor.

16 1214 112 1282 AEquo
123 1214 244 1267 animum
257 1215 377 1283 imperio,
394 1222 445 1268 etc.

18 1407 111 1463 Detur
122 1414 150 1462 et
160 1408 195 1461 oh
206 1407 213 1461 t
229 1409 264 1476 (si
272 1425 354 1477 posco
364 1409 436 1477 quod
446 1425 552 1477 aequum
563 1416 603 1462 est
616 1412 739 1477 poscere)
750 1409 815 1471 fidae,

56 1507 118 1561 Nec
131 1514 221 1560 temen
235 1507 360 1575 ingentis,
376 1507 465 1560 cultus
477 1507 615 1567 amicitiae;

21 1604 121 1660 Cultus
133 1604 262 1667 amicitie,
271 1611 357 1673 'quam
371 1613 493 1673 tempora
505 1605 579 1658 nulla
590 1605 726 1666 valebunt,

57 1701 150 1762 Quam
163 1700 246 1754 nullae
258 1718 348 1754 rerum
361 1702 516 1755 dissoluisse
523 1702 609 1767 vvices.

21 1799 112 1867 AEquo
124 1798 244 1851 animum
257 1799 376 1867 imperio,
393 1806 444 1852 etc.

20 1991 69 2056 ‚S'm
82 1991 197 2046 comites
209 1991 291 2053 infidi,
307 2000 334 2045 et
344 1993 379 2046 sit
390 1993 499 2046 fortuna
511 2000 643 2061 proterva,

57 2091 138 2145 Salva
149 2089 216 2142 mihi
228 2091 313 2143 virtus
326 2097 393 2151 esto,
408 2091 498 2144 licebit
510 2092 596 2159 inops.

24 2186 94 2241 Tum
107 2188 219 2241 demum
233 2188 355 2240 videatur
368 2188 439 2241 iners
452 2195 480 2241 et
492 2189 594 2242 inutilis
607 2196 680 2251 aetas,

57 2283 129 2336 Cum
142 2283 208 2335 mihi
220 2300 271 2337 nec
284 2284 385 2353 vinum,
400 2300 451 2336 nee
464 2284 532 2352 sapit
544 2284 692 2353 ingenium.

23 2378 110 2447 dique
122 2379 243 2432 animum
256 2379 376 2447 imperio,
392 2385 442 2431 ete.

149 2631 236 2680 Laudo
248 2643 394 2679 manentem.
427 2633 448 2680 si
460 2633 553 2681 celeres
565 2633 643 2695 quatit

151 2695 257 2754 Pennas,
269 2697 368 2760 resigno
379 2713 433 2761 quae
443 2698 519 2756 dedit,
531 2707 556 2746 et
569 2715 623 2746 mea

183 2761 281 2810 Virtute
290 2778 329 2810 me
340 2762 568 2811 involvo—-

148 2853 243 2861 --
259 2827 328 2876 Hinc
338 2829 436 2894 apicem
450 2848 532 2899 rapax

139 2890 247 2937 Fortuita
261 2909 316 2941 curu
335 2898 450 2950 stridore
463 2914 543 2954 acuto
