1830 3216
262 156 264 160 μ
287 112 416 149 merum
435 112 470 148 ar
489 112 586 149 orion.
785 102 837 156 227

36 249 175 319 Impendit
187 265 279 303 curam
290 249 440 318 patriaque
452 255 480 301 et
492 248 595 304 civibus
607 249 664 312 ille,

71 345 172 399 Debita
183 346 207 399 si
217 345 308 398 forsan
321 345 478 398 diminuisse
490 353 580 413 queat.

35 440 181 510 Nusquam
193 448 235 495 est
243 441 360 504 uberior,
376 457 510 509 nusquam
522 457 601 509 seges
612 441 783 511 ingeniorum

72 536 179 606 Midon
199 537 247 591 sed
259 537 354 591 messis
366 542 425 590 tota
435 535 544 589 latendo
556 537 634 603 perit.

220 1223 417 1278 DIGNITAS
437 1224 489 1278 ET
511 1224 653 1281 OTIUM.

32 1392 147 1444 Acmon
159 1397 201 1444 est
212 1390 330 1460 reliquis,
345 1408 404 1460 quae
417 1392 482 1445 sella
494 1401 607 1446 vocatur
619 1394 744 1454 honoris;

69 1486 198 1550 Acclivis,
212 1486 283 1540 facili
292 1488 341 1540 sed
353 1488 505 1556 superanda
512 1487 589 1556 jugo.

33 1581 97 1638 Hoc
109 1583 209 1637 solium
220 1584 350 1647 ascendit,
365 1601 447 1653 quem
460 1590 517 1637 tota
528 1583 681 1653 frequentia
691 1587 777 1655 poscit

68 1678 193 1733 Presidis
206 1680 234 1733 in
247 1686 357 1733 noctem
366 1680 529 1734 sustinuisse
541 1680 624 1733 vices.

34 1775 83 1830 llle
95 1776 144 1830 ubi
155 1776 308 1844 composuit
320 1792 389 1839 sese,
404 1775 535 1845 clavoque
547 1777 669 1845 galerum

68 1873 226 1942 Suspendit,
239 1879 340 1941 petum
351 1871 405 1927 fert
416 1873 581 1942 tubulosque
593 1890 669 1942 puer.

35 1967 141 2038 Implet,
156 1974 184 2021 et
196 1968 327 2031 accendit,
345 1968 493 2037 cubitoque
504 1969 614 2022 innixus
627 1977 744 2038 utroque

68 2064 101 2117 In
113 2063 242 2118 cathedra
253 2063 335 2133 digne
346 2080 396 2133 pro
404 2064 536 2132 gravitate
547 2064 633 2118 sedet.

36 2160 144 2214 Arbiter
155 2159 219 2213 binc
232 2159 297 2213 dicit
305 2160 434 2228 legesque
447 2160 612 2226 modumque
624 2160 740 2222 bibendi,

69 2255 190 2324 Quoque
201 2255 368 2324 propinanda
380 2262 422 2309 est
435 2255 530 2307 ordine
542 2256 641 2323 cuique
653 2256 734 2310 salus.

34 2350 83 2404 His
95 2351 207 2403 tandem
219 2349 312 2403 officiis
323 2348 443 2410 iunctus,
459 2350 578 2418 vinoque
589 2360 723 2418 gravatus,

68 2445 200 2499 Nondum
213 2444 336 2512 deposito
349 2450 427 2496 nutat
439 2443 549 2512 hiatque
562 2446 637 2498 tubo.

35 2542 101 2603 Quae
113 2558 174 2594 raro
186 2547 296 2602 coeunt,
312 2546 339 2592 et
352 2540 379 2591 in
393 2555 448 2592 una
457 2539 522 2592 sede
536 2548 683 2603 morantur,

66 2636 127 2691 Eni
148 2636 195 2690 ubi
207 2636 340 2704 majestas,
356 2642 384 2687 et
396 2635 431 2688 sit
443 2635 565 2688 habenda
578 2635 670 2704 quies!
