1830 3216
833 36 836 43 '
846 36 874 61 V

88 93 137 142 irs
347 109 413 144 tran
432 107 484 144 ern
503 107 628 145 rsnrsrn.

88 229 178 288 Quem
193 230 313 292 veheret,
329 231 376 283 sed
390 246 464 298 saepe
477 247 557 284 suum
571 231 722 285 detrudere
730 231 827 301 jussus
872 260 874 265 ·

89 323 243 392 Navigium,
259 325 336 379 littus
349 327 459 379 tandem
473 334 617 395 terrasque·
626 326 768 395 relinquit.

88 416 149 480 Hic,
164 419 277 487 antique
288 428 366 489 pater
374 420 459 482 fluvii,
475 421 523 475 tibi
534 428 612 490 grata
623 438 747 477 mmoerra

88 513 117 566 Si
130 514 230 575 tenuis,
244 515 366 584 placidus
376 516 647 585 coeptisjuveuilibus
659 517 744 579 adsis,

87 609 123 661 Et
137 611 241 680 cymbae
253 618 419 681 nostrosque
431 611 505 666 idem
517 620 549 665 tu
562 612 648 680 dirige
660 628 770 667 cursus.

85 706 202 776 Jamque
212 716 288 776 parat
301 708 395 763 validis
408 709 567 763 incumbere
580 709 671 763 navita
682 710 781 773 ramis,

87 803 123 856 Et
135 803 250 872 genibus
263 804 363 858 nostris
376 813 467 859 vestes
477 806 620 874 imponere
632 812 721 875 curat,

87 900 196 954 Exutus
207 909 312 955 curtam
325 903 454 965 tunicam,
469 903 515 956 cui
529 903 654 957 monnica
665 887 740 957 laevs'

89 997 213 1064 Argento
224 997 322 1066 gravis,
336 1005 419 1067 atque
432 999 588 1053 extantibus
599 1014 696 1067 aspera
707 998 804 1069 siguis.

88 1091 139 1146 His
152 1093 190 1146 ita
202 1093 347 1162 dispositis,
363 1095 491 1149 tubulum
504 1111 567 1149 curn
580 1095 682 1166 pyxide
692 1112 796 1165 magua

88 1189 240 1271 Depromit‚
255 1189 363 1258 nigrum
376 1191 476 1260 longus
488 1204 571 1260 quem
582 1190 686 1245 fecerat
697 1206 778 1245 usus.

88 1282 172 1338 Hunc
185 1291 330 1353 postquem
341 1278 464 1354 implerat¹
476 1292 555 1354 pato,
569 1286 731 1355 silicemque
742 1282 856 1355 pariant,

89 1381 218 1435 Excussit
230 1381 390 1443 scintillam
411 1383 459 1436 ubi
470 1383 548 1451 copia
559 1383 671 1451 ponitur
682 1382 737 1437 atri

89 1478 210 1540 Fomitis,
225 1477 289 1531 hinc
302 1478 393 1548 ignem
406 1478 457 1533 sibi
468 1479 586 1532 multum
600 1478 703 1547 exugit,
718 1485 749 1533 et
760 1478 861 1533 hausto

91 1574 253 1628 Accendens
266 1576 370 1637 crebro,
386 1582 531 1644 surgentes
543 1574 671 1642 deprimit
681 1573 784 1629 herba

89 1669 222 1721 Extremo
235 1669 320 1738 digito
330 1692 337 1722 ι
356 1670 385 1722 in
397 1669 504 1723 cineres
515 1669 653 1722 albescere
664 1680 771 1736 petum

90 1765 197 1832 Incipit,
213 1772 240 1818 et
253 1780 319 1819 naso
330 1772 423 1833 gratos
435 1765 537 1818 emittit
549 1765 659 1819 odores,

91 1861 164 1913 Tum
177 1877 271 1914 remex
282 1861 403 1929 puppim,
417 1860 524 1914 medius
538 1877 592 1929 qna
601 1858 723 1915 fluminis
734 1860 842 1925 alvarus,

90 1957 197 2024 Dirigit,
213 1964 240 2009 et
253 1973 339 2025 prono
353 1957 433 2010 velox
446 1957 579 2011 delabitur
591 1972 681 2010 amne.

89 2053 205 2121 Jamque
217 2052 271 2105 illic
282 2068 379 2106 sumus
391 2052 503 2114 admoti,
518 2047 576 2120 qun⁴
585 2051 791 2107 causidicorum

91 2150 151 2202 Stat
163 2148 235 2201 senis
247 2148 282 2201 ad
296 2147 376 2201 Tami
387 2148 490 2202 flumen
503 2146 680 2202 celeberrima
691 2148 796 2203 nutrix.

92 2243 144 2297 Hic
152 2244 271 2312 juvenes
284 2243 404 2297 rixarum
416 2250 444 2296 et
456 2243 520 2296 dirae
531 2243 585 2296 litis
598 2251 721 2297 amantes

91 2339 209 2392 Discunt
222 2339 345 2400 clamare,
357 2338 400 2392 hic
414 2339 518 2393 venelia
530 2339 646 2392 fundere
658 2340 750 2400 verba,

93 2435 252 2504 Sumptibns
264 2434 308 2488 hic
321 2441 349 2488 et
361 2435 435 2489 mille
447 2435 531 2489 moris
544 2451 644 2489 vexare
656 2435 782 2489 clientas.

92 2531 135 2583 Ex
147 2540 223 2598 parte
235 2531 348 2584 adversa
360 2530 455 2585 mediis
466 2531 563 2584 domus
576 2531 680 2585 innatat
692 2531 784 2593 undis,

92 2626 203 2680 infamis
215 2627 321 2689 domus,
336 2626 429 2680 infami
438 2627 473 2680 de
486 2627 597 2681 nomine
609 2627 689 2681 diota.

94 2724 166 2776 Hinc
179 2723 226 2777 ubi
238 2722 421 2791 provehimur,
436 2724 556 2791 pulchre
569 2723 683 2792 vestigia
695 2724 778 2785 sedis,

89 2819 194 2874 Tristes
206 2819 337 2891 reliquias
349 2820 432 2891 ignis,
446 2819 622 2891 spoliumque
630 2820 758 2871 ridemus

66 2915 267 2975 Flammarum
281 2944 289 2984 ;
310 2921 360 2977 vel
374 2920 472 2976 adhuc
484 2930 638 2980 murorum
643 2913 677 2964 'm
684 2908 874 2976 irminsul*
