1830 3216
160 545 196 591 IN
218 544 442 591 POSTHUMAM
461 544 635 591 EFFIGIEM

92 709 327 764 JOHANNIS
353 710 548 773 FERMOR,
581 710 686 764 ARM.

50 896 51 906 ¹
72 883 223 918 cumdem
244 884 311 920 DOM·
333 885 450 920 flnnnlct
468 885 589 930 FERMOR,
611 883 777 928 annonem,

166 979 264 1014 SUMMA
282 980 340 1015 CUM
360 980 423 1015 FIDE
443 980 635 1016 mmmmm.

50 1152 144 1187 tumen!
158 1136 272 1204 effigiem
284 1137 374 1191 fratris
388 1139 514 1191 mandare
527 1137 630 1190 tabellae

50 1233 135 1292 'roten
152 1232 219 1283 etin
233 1233 315 1285 vitam
327 1233 386 1285 vult
400 1249 527 1286 revocare
539 1247 646 1284 novam.

63 1342 186 1394 quaenam
198 1327 324 1379 absentes
337 1327 429 1380 vultus
442 1326 576 1379 describet
588 1325 714 1379 arundo?

50 1423 104 1484 iuis
117 1423 215 1476 reseret
228 1422 316 1476 succis
330 1439 376 1475 ora
386 1423 493 1490 sepulta
504 1421 598 1474 labor?

50 1536 62 1572 c
76 1536 130 1580 ora,
146 1520 196 1572 hos
209 1519 301 1572 vultus
314 1519 428 1572 memori
440 1520 490 1571 sub
503 1496 613 1586 pectore
625 1517 715 1578 freter,

50 1615 141 1676 Sume,
156 1615 255 1682 opifex,
271 1615 416 1682 calamum)
430 1631 499 1682 quos
512 1614 561 1666 tibi
572 1613 664 1674 dictet,
679 1612 769 1665 habet.

50 1712 118 1763 tanti
130 1718 251 1763 attentus
259 1712 353 1778 pictor,
368 1710 529 1778 peramabile
541 1708 668 1761 transfert

50 1806 175 1866 'nutatim
191 1823 225 1859 ex
237 1808 327 1859 animo
340 1806 526 1874 praecipientis,
542 1821 619 1872 opus.

50 1919 56 1954 ι
69 1902 179 1969 propior
188 1902 268 1954 simili
280 1902 443 1969 propiorque
455 1900 576 1953 alludere
588 1899 675 1952 forme

50 1998 140 2066 ncipit,
156 2005 183 2050 et
191 1999 282 2067 jussas
295 1999 422 2066 exprimit
434 1999 530 2050 umbra
543 2004 637 2056 notas;

50 2113 56 2146 ι
69 2094 128 2147 noti
140 2095 259 2147 arrident
272 2095 374 2154 vultus,
390 2101 417 2146 et
429 2093 526 2145 frontis
538 2099 637 2160 apertae

50 2192 156 2243 'endida
166 2191 329 2258 simplicitas,
345 2198 374 2242 et
384 2207 517 2259 generosa
528 2189 596 2241 fides
606 2211 611 2240 z

50 2304 56 2338 ι
70 2302 170 2348 coram,
186 2293 213 2338 et
226 2301 351 2352 praesens,
367 2285 500 2352 ipsissima
513 2284 578 2336 vivit
591 2284 679 2352 imago
687 2304 695 2343 ;

50 2379 97 2433 th!
119 2388 251 2448 quantum
264 2381 349 2447 pietas
362 2379 502 2448 ingeniosa
513 2376 619 2446 potest'!

50 2478 63 2529 ii
76 2477 149 2528 ultra
160 2492 253 2535 saevos,
269 2490 380 2536 morso,
393 2474 495 2541 jactare
508 2471 678 2539 triumphos;

50 2575 139 2625 taetera
151 2573 198 2640 qui
210 2572 301 2632 vincit,
317 2578 345 2623 te
361 2585 471 2639 quoque
482 2569 565 2622 vincit
581 2570 675 2620 Amor.
