1830 3216
116 110 164 157 192
282 123 418 160 uarrours
437 124 502 160 nour
521 124 556 160 ar
576 125 653 170 urar,
674 126 737 162 arc.

152 268 244 318 Aurea
257 283 319 319 curn
331 266 424 333 primis
436 274 496 320 acta
508 275 549 320 est
562 266 723 321 mortalibus
737 275 813 328 aetas,

116 365 241 419 Necdum
257 367 361 418 Astraea
374 365 515 419 hominum
528 367 693 419 commercia
704 366 814 436 fugerat
825 367 899 420 maort

116 461 240 529 Quisque
251 461 333 514 fidem
346 461 439 521 coluit,
454 461 632 529 manibusque
645 469 674 515 et
687 470 803 531 pectore
813 476 885 530 paura

115 558 248 611 Traduxit
262 574 375 611 vacuam
387 559 490 612 scelere
504 565 532 612 et
543 557 691 613 formidine
703 559 798 612 vitam.

115 654 178 707 Non
192 655 255 722 quia
265 655 367 708 lictoris
380 655 468 724 virgas
480 670 634 722 saevamque
647 655 770 709 securim

115 751 263 818 sanguinei
276 751 417 812 extimuit3
436 750 486 804 sed
499 751 623 804 nondum
636 751 764 818 exempla
775 755 900 820 parentum

113 847 278 901 Exciderant
291 848 389 912 animo,
404 865 455 902 nec
467 848 549 916 longe
561 865 577 900 a
588 847 665 901 fonte
675 855 808 910 remotus,

114 944 240 998 Coenosas
253 944 361 998 haurire
373 944 467 998 infelix
479 951 596 1011 coeperat
608 944 706 997 undas.

149 1042 187 1093 At
199 1041 280 1094 simul
292 1040 380 1110 ejecto
393 1040 457 1094 vitia
468 1041 590 1108 irrupere
602 1040 716 1108 pudore,

111 1137 242 1205 Disrupto
255 1138 364 1205 rapidus
376 1137 463 1191 veluti
474 1138 544 1191 solet
556 1137 634 1190 obice
646 1144 773 1198 torrens;

111 1233 237 1287 Condere
249 1239 309 1286 tum
321 1233 404 1301 leges,
419 1233 512 1301 siquos
525 1232 678 1285 reverentia
691 1230 786 1286 divim

112 1331 199 1383 Movit
211 1329 309 1393 adhuc,
324 1345 436 1397 coepere,
450 1329 518 1382 fides
529 1345 574 1391 ne,
589 1344 720 1397 sacraque
728 1328 801 1398 jura,

111 1427 226 1494 Ipsaque
238 1425 346 1478 virtutis
358 1425 468 1492 penitus
479 1431 658 1478 monumenta
669 1423 800 1492 perirent.

148 1521 230 1581 Quod
242 1521 334 1574 sinon
347 1520 442 1588 aliqua,
458 1526 490 1573 ut
502 1518 601 1573 misere
613 1519 768 1583 contendis,
783 1519 877 1573 inesset

109 1618 155 1671 Vis
168 1617 259 1670 nativa
272 1616 359 1679 Bono,
373 1631 433 1684 quae
443 1615 505 1683 lege
517 1614 653 1683 antiquior
666 1614 750 1676 omni,

110 1714 167 1768 Cur
179 1731 244 1777 non,
260 1730 323 1767 cum
336 1714 364 1766 in
377 1713 474 1766 vitium
487 1713 566 1781 proni
579 1712 721 1780 rapiamur,
736 1711 858 1766 honestis

109 1810 324 1878 Postpositisqne
335 1808 422 1871 bonis,
437 1809 581 1862 inhonesta
593 1814 620 1862 et
632 1824 714 1876 prava
721 1806 872 1878 jubentur?

145 1906 253 1959 Scilicet
265 1912 364 1958 aeterna
376 1911 418 1958 est
430 1904 524 1967 virtus,
539 1920 606 1973 quae,
623 1903 738 1972 Regulo,
756 1904 813 1958 visa
824 1910 870 1965 est.

109 2002 178 2055 Tam
190 2001 309 2054 formosa
320 2000 385 2055 tibi:
405 2006 479 2054 certe
492 2000 550 2062 dea,
568 1999 683 2067 Regule,
700 1999 758 2053 visa
770 2007 820 2062 eat,

108 2098 202 2150 Ausus
215 2115 274 2151 eras
286 2114 339 2165 prae
351 2114 404 2167 qua
415 2097 597 2167 lacrymantes
609 2096 723 2165 rejicere
736 2113 753 2148 a
766 2102 796 2148 te

107 2194 237 2256 Uxorem,
253 2202 386 2265 natosque
399 2203 470 2257 tuos,
482 2201 629 2262 certusque
641 2193 737 2255 redire,

108 2291 251 2344 Poenorum
265 2291 364 2344 rabiem
377 2298 459 2360 atque
472 2290 596 2344 ultricem
608 2295 732 2342 temnere
746 2295 869 2342 mortem.

106 2387 180 2456 Ergo
194 2388 275 2440 etiam
289 2387 349 2450 seri,
365 2395 426 2456 post
438 2394 480 2440 tot
492 2402 603 2456 quoque
615 2385 707 2447 saec’la,
724 2391 840 2454 nepotes

107 2483 237 2537 Divinum
251 2483 387 2551 exemplar
400 2483 482 2535 tacito
495 2487 660 2536 venerantur
673 2479 789 2534 honore.

143 2582 189 2643 At,
203 2579 272 2632 lucis
284 2586 418 2639 metuens,
433 2579 567 2640 tenebras,
582 2584 610 2630 et
623 2576 711 2630 noctis
721 2592 812 2644 opace

107 2677 230 2744 Tegmen
243 2681 314 2727 amat
326 2673 421 2727 vitium
433 2696 440 2734 ς
460 2674 508 2727 sed
522 2690 573 2726 nec
586 2672 745 2727 densissima
757 2672 847 2726 noctis

104 2772 205 2825 Umbra
220 2770 291 2826 Valet
303 2770 434 2826 miserum
446 2787 463 2823 a
474 2769 573 2838 seipso,
586 2769 674 2821 celare
686 2775 845 2821 nocentem.

81 2869 169 2925 Intus
181 2871 241 2942 agit
256 2871 391 2931 stimulos
408 2886 490 2925 mens
504 2861 833 2928 conscia-aequationem

63 2965 248 3042 Insequftu,
262 2992 354 3042 caeco,
370 2979 491 3032 tortore
505 2961 634 3021 ierocior
648 2951 739 3010 ororii.
