1830 3216
279 334 332 388 AD
354 335 606 388 STEPHANUM
626 336 749 399 DUCK‚

369 507 612 583 Έγκωμιαστικόν.

115 699 196 752 Ormu
209 699 348 760 humilem,
364 700 510 752 obscurum
524 699 586 760 vita,
601 716 770 768 servumque
784 702 873 760 labore,

149 795 199 856 Te,
217 793 361 862 Stephane,
377 795 405 846 in
417 795 508 848 lucem
521 795 622 848 rustica
633 811 713 848 musa
726 804 814 850 vocat.

113 889 282 957 Principibus
295 890 427 957 placuisse
438 891 501 944 viris
514 891 562 943 tibi
575 891 690 959 contigit
707 893 795 954 Aulae,

147 984 184 1038 Et
196 986 284 1038 minor
297 991 340 1063 est
349 984 421 1038 fama
435 986 565 1054 Lauriger
577 987 635 1054 ipse
647 993 706 1040 tua.

113 1081 234 1134 Caesareo
244 1082 332 1150 jussu,
348 1088 453 1134 certum
468 1087 509 1134 est
521 1081 569 1134 tibi
581 1082 676 1148 pensio
686 1098 807 1143 murrum

148 1177 190 1229 Te
202 1183 355 1230 curatorem
368 1177 458 1244 regius
472 1177 566 1229 hortus
579 1176 669 1229 habet.

111 1273 197 1341 Regia
209 1279 347 1340 praeterea,
359 1273 381 1326 si
393 1271 464 1324 fama
476 1279 518 1326 est
530 1272 631 1325 nuncia
642 1273 708 1335 veri,

148 1371 225 1423 Curae
238 1370 381 1422 mandatur
393 1369 555 1422 bibliotheca
566 1375 626 1424 tuae.

111 1465 170 1518 Neo
182 1465 254 1518 fastu
266 1472 357 1518 tamen
370 1464 440 1517 elata
452 1471 501 1527 est,
517 1465 630 1517 vulture
642 1466 763 1532 superbo

146 1563 210 1615 Fert
223 1571 270 1616 tua
281 1561 397 1615 fortunae
409 1577 537 1628 prospera
548 1577 628 1614 musa
640 1561 723 1617 vices.
766 1567 769 1572 ’

111 1660 170 1712 Nec
183 1666 324 1711 mutantur
335 1658 425 1711 adhuc
439 1674 545 1718 mores;
565 1658 613 1711 sed
626 1665 654 1712 et
663 1658 710 1712 ille
722 1660 872 1722 modestus,

147 1754 196 1806 llle
208 1754 388 1816 verecundum
404 1753 451 1821 qui
462 1753 547 1820 prius,
561 1770 650 1821 usque
662 1771 767 1809 manes.

112 1850 142 1902 ln
156 1850 268 1903 modicis
281 1865 389 1918 aequus;
409 1849 540 1917 prudens,
554 1849 712 1903 moderatus
725 1851 753 1904 in
767 1852 837 1919 altis,

145 1945 290 2013 Exemplar
303 1944 407 2013 magnis
420 1951 487 2007 esto,
503 1945 547 1997 vel
556 1944 741 2018 opprobrium

418 2375 589 2431 SUICIDA.

108 2555 206 2608 Musca
220 2574 306 2610 meam
319 2559 414 2612 volitat
426 2560 528 2613 circum
541 2561 697 2629 importuna
708 2562 855 2622 lucernam.

143 2653 263 2722 Alasque
275 2656 391 2708 amburit
400 2656 456 2724 jam
470 2673 553 2725 prope
566 2657 678 2725 jamque
690 2673 762 2710 suaa.

92 2749 173 2821 Saepe
186 2753 296 2824 repello
309 2771 397 2810 manu
404 2754 575 2815 venientem,
587 2759 626 2812 et,
637 2759 656 2781 “
663 2752 790 2818 'irreptum
795 2767 888 2809 musca

124 2850 206 2916 Qaae,
226 2855 287 2918 te,”
302 2856 432 2926 inquam,
450 2846 600 2918 “impellit
606 2842 782 2897 mumlmxuo
790 2841 889 2890 moisi*¹
