1830 3216
103 97 151 145 150
362 114 427 149 maa
447 115 498 149 aaa
517 116 644 152 rameru,

102 248 130 300 Si
142 248 212 301 forte
225 250 344 303 offendat
356 270 520 323 quenquam,
537 255 660 308 convicia
672 255 785 324 spargit.

101 343 228 397 Infensus
241 363 347 414 semper
360 347 465 402 miseris
477 349 626 402 sartoribus
636 349 744 403 hostis:

100 435 175 492 Dum
188 449 286 494 coeant
298 443 326 495 iu
340 443 409 497 fictae
421 462 517 498 omnes
530 447 680 498 certamina
687 447 761 507 rixae,

101 535 293 606 Obscoenaeque
306 546 404 591 sonent
417 539 486 600 lites,
502 541 631 609 pravique
645 540 781 602 cachinni,

100 631 240 685 Foemineae
253 649 397 701 vocesque,
413 642 441 686 et
453 642 523 687 natae
534 636 560 686 in
572 635 663 704 jurgia
674 634 785 703 linguae.

100 729 220 782 Plurima
232 738 290 782 turn
304 731 382 783 nobis
396 733 471 796 (nam
485 729 562 785 norit
575 734 703 800 plurima)
720 740 810 785 narrat

100 825 204 887 Navita,
219 827 371 893 praeteritos
383 829 505 895 gaudens
517 844 668 880 memorare
679 828 805 881 labores:

100 923 176 983 Quot
189 924 257 976 mala
269 924 418 991 pertulerat
427 924 546 992 juvenis.
562 940 642 992 quarn
656 940 728 992 saepe
740 924 848 977 inimico

99 1018 246 1087 Naufragio
260 1020 396 1087 periturus
410 1027 483 1079 erat;
503 1037 563 1090 qua
574 1020 661 1072 tristia
674 1027 740 1073 vota

98 1114 245 1176 Exanimis,
262 1131 328 1184 quas
341 1131 410 1182 sape
423 1132 517 1182 preces
531 1116 657 1168 emiserat
669 1115 745 1176 olim,

99 1210 169 1263 Cum
182 1212 258 1279 nigra
269 1219 425 1279 tempestas,
441 1219 469 1265 et
482 1212 539 1264 dira
552 1211 620 1264 mari
632 1211 758 1264 incubuit
771 1227 835 1265 nox.

100 1309 189 1368 Quem
205 1308 302 1361 Martis
314 1316 446 1361 terrorem
461 1316 488 1362 et
501 1325 560 1377 quae
573 1308 730 1361 discrimina
740 1308 821 1369 belli;

99 1405 174 1465 Quas
186 1423 304 1473 presens
316 1407 454 1475 quondam
467 1423 580 1474 pugnaS,
595 1421 655 1474 quae
667 1405 774 1459 viderat
786 1400 872 1458 armai

98 1500 151 1554 Sed
165 1508 223 1554 tum
236 1502 381 1569 praecipue,
398 1503 528 1563 recolens,
544 1518 607 1554 cum
622 1501 733 1569 Belgica
744 1501 836 1555 classis

98 1599 237 1666 Puppibus
250 1599 345 1666 effugit
357 1599 468 1652 laceris:
489 1616 569 1668 quarn
582 1598 689 1651 fortiter
706 1599 790 1668 Angli

97 1695 259 1762 Pugnabant
271 1695 392 1756 animosi,
409 1701 436 1747 et
449 1701 524 1748 certe
536 1693 650 1754 fortiter,
666 1694 765 1762 inquit,

98 1791 127 1843 Si
141 1791 267 1844 Britones
280 1807 401 1859 unquam
415 1789 508 1852 lortes,
524 1790 707 1858 pugnavimus
724 1790 815 1858 Angli.

96 1886 161 1940 Haec
176 1896 301 1956 repetens
313 1888 406 1954 patriae
420 1887 547 1954 dulcique
559 1886 687 1939 incensus
700 1903 795 1939 amore

98 1985 181 2046 Arsit,
194 1992 221 2037 et
234 1984 344 2053 agnovit
357 1991 464 2037 veteres
477 1985 504 2036 in
517 1991 629 2051 pectore
641 1983 773 2036 flammas.

97 2078 205 2135 Interea
219 2082 326 2134 exhalat
339 2081 482 2134 sinuosum
494 2081 522 2133 in
536 2080 629 2133 nubila
640 2079 759 2142 sumum,

96 2177 132 2229 Et
145 2195 217 2230 canae
229 2179 381 2231 ascendunt
394 2179 476 2231 verba
487 2178 558 2230 inter
567 2177 675 2245 singula
683 2179 772 2230 nubes
784 2199 791 2230 ε

97 2276 140 2327 Sic
154 2276 250 2328 tubulo
264 2276 338 2336 fallit,
353 2275 421 2328 fallit
434 2292 560 2328 sermone
573 2275 703 2327 laborem.

96 2371 229 2439 Prospicit
241 2372 313 2434 hinc,
329 2373 478 2442 oculosque
492 2388 574 2440 vagos
585 2369 639 2424 sert
652 2371 747 2423 omnia
758 2371 861 2427 circum.

95 2467 239 2521 Errantem
252 2469 275 2520 si
287 2468 357 2521 sorte
370 2468 488 2537 aliquem
502 2484 585 2536 prope
597 2467 689 2520 littora
702 2466 778 2529 vidit,

95 2565 272 2624 Exclamans;
293 2565 341 2617 sed
354 2581 424 2632 sape
437 2581 535 2617 sonum
547 2563 601 2616 sert
614 2570 716 2616 ventus
729 2564 841 2616 inanem.

95 2660 170 2713 Dum
181 2662 269 2714 flexus
282 2662 391 2714 crebros
404 2662 479 2714 curvi
493 2660 680 2728 superavimus
693 2660 788 2720 amnis,

96 2758 226 2811 Chelseiae
238 2766 367 2827 apparent
380 2759 476 2827 apices,
492 2765 653 2827 poteratque
670 2758 756 2810 videri

80 2854 190 2923 Regale
200 2855 359 2926 hospitium
370 2879 376 2908 z
396 2853 582 2909 veteranilric
591 2855 649 2904 otia
658 2858 738 2918 grata

65 2948 217 3010 Earrccut
235 2957 301 3021 tuti,
322 2963 354 3011 et
369 2970 475 3011 secura
485 2952 518 3005 in
532 2964 602 3017 paca
615 2950 779 2996 senestuti&-

1 3092 7 3179 l
