1830 3216
431 109 483 159 305

176 331 271 384 Draus
287 332 394 385 Oxorur
408 348 442 383 rr
457 331 560 384 Eurum
575 332 735 386 comitissa:

418 427 486 487 Quae

116 510 220 563 illustri
232 517 291 563 orte
307 510 446 578 sanguine,
462 511 622 582 sanguinem
635 511 787 573 illustravit,

147 592 310 646 Ceoiliorum
324 593 426 646 meritis
440 593 517 653 clare,
534 593 590 646 suis
604 593 757 655 clarissima,

170 676 209 729 Ut
222 693 281 744 quae
294 676 413 729 nesciret
426 677 514 729 m'mor
528 693 588 730 esse
602 677 735 730 maximis

242 758 330 810 Vitam
344 759 484 812 ineuntem
498 760 661 822 innocentia,

169 841 367 894 Procedentem
381 843 469 910 ampla
481 843 614 896 virtutum
629 843 735 905 cohme,

166 925 322 979 Exeuntem
335 942 409 978 mors
422 927 574 979 beatissima
586 928 738 988 decoravit;
772 961 774 964 >

310 1008 440 1076 (Volente
454 1010 579 1076 numine)

129 1094 168 1148 Ut
180 1095 303 1164 nuspiam
316 1095 424 1149 deesset
437 1102 484 1148 aut
496 1096 582 1150 virtus
594 1103 642 1149 aut
653 1096 775 1150 felicitas.

252 1178 369 1233 Duobus
382 1179 529 1248 conjuncta
541 1179 651 1241 maritis,

299 1264 415 1334 Utrique
428 1265 579 1325 carissima;

386 1347 517 1408 Primum,

257 1430 362 1496 (Quem
375 1431 408 1484 ad
421 1426 523 1484 annum
537 1431 643 1499 habuit)

328 1513 455 1580 Impense
469 1514 578 1567 dilexit:

370 1597 535 1659 Secundum,

198 1683 304 1749 (Quem
318 1685 351 1736 ed
364 1700 450 1737 armos
463 1684 699 1752 vigintiquatuor)

222 1766 312 1820 Tanta
323 1767 423 1834 pietate
436 1774 464 1820 et
476 1783 568 1820 amore
583 1767 675 1829 coluit,

341 1850 379 1903 Ut
391 1851 444 1913 cui,
460 1851 562 1913 vineoe,

175 1933 344 2002 Obsequium
358 1940 486 2001 tauquam
499 1933 568 2000 patri
581 1933 703 2001 praestitit
715 1955 721 1992 ;

381 2020 510 2080 Moriens,

174 2103 369 2157 Patrimonium
383 2111 511 2172 tanquam
524 2102 581 2154 filio
594 2102 701 2170 reliquit
714 2123 720 2162 ;

303 2186 429 2239 Noverca
441 2202 502 2239 eum
517 2192 597 2245 esset,

178 2270 327 2323 Maternum
340 2270 468 2337 pietatem
481 2268 559 2321 facile
571 2267 716 2335 superavit.

61 2352 198 2408 Famulitii
209 2353 277 2406 adeo
290 2353 384 2405 mitem
396 2352 615 2420 prudentemque
628 2367 721 2403 curam
734 2350 826 2418 gessit,

170 2435 209 2489 Ut
222 2453 276 2489 non
290 2443 346 2488 tem
359 2435 470 2488 domino
480 2434 587 2486 familiae
599 2450 721 2501 praeesse,

160 2518 249 2579 Quem
261 2519 351 2572 anima
363 2519 469 2586 corpori
481 2517 570 2571 inesse
583 2518 729 2570 videretur.

380 2601 507 2668 Denique
567 2610 569 2616 '

137 2684 207 2738 Cum
220 2685 326 2752 pudico,
342 2684 446 2746 humili,
461 2684 532 2745 forti,
548 2691 642 2737 sancto
655 2683 753 2744 animo,

144 2767 307 2836 Virginibus,
323 2767 492 2836 conjugibus,
506 2767 602 2828 viduiS,
618 2767 744 2819 omnibus

147 2850 316 2921 Exemplum
327 2848 523 2908 consentisset
529 2850 761 2920 integerrimum,

68 2932 163 2991 Terris
176 2937 274 2995 anima
286 2942 391 3014 major,
407 2942 447 2997 eo
458 2940 574 2997 §amnes
587 2932 715 2990 eumaeo
727 2934 864 3049 &ng

203 3024 205 3028 Α
732 3022 783 3059 m
