1830 3216
335 599 567 654 GULIELMUS

215 805 407 860 susnnnn
428 777 689 859 vnnsnicsns

51 1036 85 1091 lu
100 1039 220 1093 statione
232 1039 285 1093 fuit
298 1040 397 1103 classis,
411 1040 534 1109 fusisque
546 1057 594 1109 pcr
607 1055 684 1092 auras

89 1137 202 1190 Ludere
214 1137 319 1191 vexillis
332 1146 360 1191 et
371 1138 476 1191 fluitare
489 1137 579 1196 dedit;

47 1232 126 1287 Cum
138 1249 237 1287 navem
249 1233 369 1286 ascendit
384 1233 524 1288 Susanna:
547 1240 565 1262 ‘⁶
579 1233 602 1286 0
616 1232 703 1293 dicite,
719 1237 814 1292 naute,

88 1329 199 1384 Nostrae
211 1329 258 1383 ubi
270 1329 373 1383 delicia
387 1329 472 1383 sunt?
491 1330 538 1383 ubi
551 1336 643 1382 noster
655 1328 750 1381 amor?

51 1422 145 1482 Dicite
158 1443 217 1490 vos,
233 1427 315 1481 animi
325 1426 419 1490 fortes,
434 1428 483 1481 sed
495 1427 576 1481 dicite
589 1443 692 1488 verum,

10 1548 13 1589 2
90 1523 255 1593 Agminibus
268 1523 363 1576 vestris
376 1540 442 1576 num
458 1522 612 1576 Gulielmus
625 1523 695 1575 inest
704 1521 732 1574 ?’'

56 1712 197 1769 Pendulus
208 1714 235 1767 in
247 1715 346 1768 summi
359 1715 514 1769 Gulielmus
527 1714 628 1768 vertice
641 1713 704 1766 mali

90 1811 164 1865 Hinc
176 1812 327 1881 agitabatur
337 1813 472 1874 fluctibus,
485 1813 557 1874 inde,
571 1810 667 1871 maris;

58 1905 193 1970 Protinus,
209 1915 241 1962 ut
253 1925 348 1962 vocem
359 1910 429 1963 bene
441 1916 533 1963 notam
546 1908 657 1969 audivit,
672 1907 706 1959 ad
717 1906 787 1959 inira

89 2005 223 2060 Praemisit
235 2007 375 2076 gemitum,
389 2024 440 2061 nec
453 2007 528 2075 piger
537 2007 595 2075 ipse
607 2005 698 2073 sequi:

60 2101 159 2173 Vixque
172 2120 256 2157 manu
268 2112 382 2174 tangens
394 2105 482 2167 funes,
498 2110 526 2157 et
541 2110 658 2173 praepete
670 2101 763 2157 labens

88 2201 240 2262 Descensu
256 2201 319 2254 alati
331 2201 445 2270 fulguris
462 2202 554 2264 instar,
569 2203 655 2255 adest.

62 2391 99 2446 Sic
110 2393 166 2447 alto
179 2393 207 2446 in
223 2393 288 2447 coelo
301 2393 424 2446 tremulis
436 2409 466 2446 se
477 2392 556 2447 librat
569 2401 602 2447 ut
613 2393 670 2454 alis,

90 2490 117 2543 Si
130 2489 210 2544 sociae
222 2489 335 2557 accipiat
347 2489 437 2542 forsan
451 2489 546 2542 alauda
558 2506 648 2551 sonos,

59 2583 170 2641 Devolat
183 2588 338 2655 extemplo;
359 2587 511 2656 clausisque
522 2589 556 2640 ad
568 2595 678 2656 pectora
692 2586 795 2655 pennis,

89 2685 119 2738 ln
133 2702 201 2739 cura
212 2684 308 2737 nidum
318 2683 494 2753 precipitatur
506 2685 575 2741 avis.

10 2786 22 2869 p
56 2779 132 2842 Bana,
148 2797 208 2847 qne
219 2780 342 2837 Susanna
354 2799 407 2836 suo
419 2786 554 2854 permisit
569 2787 695 2852 amanti,

68 2871 206 2924 Narttl'clla
216 2873 315 2945 oplfirl'l
320 2882 476 2942 maximus
493 2907 563 2948 esse
578 2909 648 2947 sua,
