<?xml version="1.0" encoding="UTF-8"?>
<!DOCTYPE html PUBLIC "-//W3C//DTD XHTML 1.0 Transitional//EN"
    "http://www.w3.org/TR/xhtml1/DTD/xhtml1-transitional.dtd">
<html xmlns="http://www.w3.org/1999/xhtml" xml:lang="en" lang="en">
 <head>
  <title>
</title>
<meta http-equiv="Content-Type" content="text/html;charset=utf-8" />
  <meta name='ocr-system' content='tesseract 3.04.00' />
  <meta name='ocr-capabilities' content='ocr_page ocr_carea ocr_par ocr_line ocrx_word'/>
</head>
<body>
  <div class='ocr_page' id='page_1' title='image "./poeticalworksla00bourgoog_0314.png"; bbox 0 0 1830 3216; ppageno 0'>
   <div class='ocr_carea' id='block_1_1' title="bbox 411 57 463 106">
    <p class='ocr_par' dir='ltr' id='par_1_1' title="bbox 411 57 463 106">
     <span class='ocr_line' id='line_1_1' title="bbox 411 57 463 106; baseline 0.038 -2"><span class='ocrx_word' id='word_1_1' title='bbox 411 57 463 106; x_wconf 79' lang='lat'>295</span> 
     </span>
    </p>
   </div>
   <div class='ocr_carea' id='block_1_2' title="bbox 152 256 726 320">
    <p class='ocr_par' dir='ltr' id='par_1_2' title="bbox 152 256 726 320">
     <span class='ocr_line' id='line_1_2' title="bbox 152 256 726 320; baseline -0.012 -3"><span class='ocrx_word' id='word_1_2' title='bbox 152 259 194 318; x_wconf 86' lang='grc' dir='ltr'>ΙΝ</span> <span class='ocrx_word' id='word_1_3' title='bbox 214 261 423 320; x_wconf 80' lang='lat' dir='ltr'>EFFOSSUM</span> <span class='ocrx_word' id='word_1_4' title='bbox 443 256 726 317; x_wconf 84' lang='lat' dir='ltr'>SEPULCHRUM.</span> 
     </span>
    </p>
   </div>
   <div class='ocr_carea' id='block_1_3' title="bbox 106 395 671 751">
    <p class='ocr_par' dir='ltr' id='par_1_3' title="bbox 107 395 671 565">
     <span class='ocr_line' id='line_1_3' title="bbox 107 395 671 465; baseline -0.007 -12"><span class='ocrx_word' id='word_1_5' title='bbox 107 395 225 464; x_wconf 74' lang='lat' dir='ltr'>Vruror,</span> <span class='ocrx_word' id='word_1_6' title='bbox 241 399 294 454; x_wconf 89' lang='lat' dir='ltr'>enl</span> <span class='ocrx_word' id='word_1_7' title='bbox 315 400 428 461; x_wconf 86' lang='lat' dir='ltr'>delesse,</span> <span class='ocrx_word' id='word_1_8' title='bbox 444 405 471 452; x_wconf 88' lang='lat' dir='ltr'>et</span> <span class='ocrx_word' id='word_1_9' title='bbox 483 398 552 450; x_wconf 83' lang='lat' dir='ltr'>infra</span> <span class='ocrx_word' id='word_1_10' title='bbox 565 396 671 465; x_wconf 87' lang='lat' dir='ltr'>despice</span> 
     </span>
     <span class='ocr_line' id='line_1_4' title="bbox 143 494 507 565; baseline -0.005 -16"><span class='ocrx_word' id='word_1_11' title='bbox 143 498 212 550; x_wconf 80' lang='lat' dir='ltr'>vitae</span> <span class='ocrx_word' id='word_1_12' title='bbox 225 498 331 565; x_wconf 80' lang='lat' dir='ltr'>viaeque</span> <span class='ocrx_word' id='word_1_13' title='bbox 343 494 507 550; x_wconf 87' lang='lat' dir='ltr'>terminum!</span> 
     </span>
    </p>

    <p class='ocr_par' dir='ltr' id='par_1_4' title="bbox 106 589 571 751">
     <span class='ocr_line' id='line_1_5' title="bbox 106 589 531 661; baseline -0.005 -16"><span class='ocrx_word' id='word_1_14' title='bbox 106 589 185 655; x_wconf 87' lang='lat' dir='ltr'><strong>Vide,</strong></span> <span class='ocrx_word' id='word_1_15' title='bbox 199 593 332 646; x_wconf 84' lang='lat' dir='ltr'>laboriosa</span> <span class='ocrx_word' id='word_1_16' title='bbox 343 609 398 661; x_wconf 92' lang='lat' dir='ltr'>quo</span> <span class='ocrx_word' id='word_1_17' title='bbox 411 592 531 660; x_wconf 87' lang='lat' dir='ltr'>vestigia,</span> 
     </span>
     <span class='ocr_line' id='line_1_6' title="bbox 144 686 571 751; baseline -0.009 -8"><span class='ocrx_word' id='word_1_18' title='bbox 144 690 216 751; x_wconf 88' lang='lat' dir='ltr'>Huc,</span> <span class='ocrx_word' id='word_1_19' title='bbox 232 688 313 743; x_wconf 85' lang='lat' dir='ltr'>ecoel</span> <span class='ocrx_word' id='word_1_20' title='bbox 334 690 452 743; x_wconf 85' lang='lat' dir='ltr'>tendunt</span> <span class='ocrx_word' id='word_1_21' title='bbox 464 686 571 742; x_wconf 78' lang='lat' dir='ltr'>omnia!</span> 
     </span>
    </p>
   </div>
   <div class='ocr_carea' id='block_1_4' title="bbox 107 876 739 1237">
    <p class='ocr_par' dir='ltr' id='par_1_5' title="bbox 107 876 739 1043">
     <span class='ocr_line' id='line_1_7' title="bbox 107 876 739 946; baseline -0.008 -12"><span class='ocrx_word' id='word_1_22' title='bbox 107 876 270 934; x_wconf 82' lang='lat' dir='ltr'>Distantiam</span> <span class='ocrx_word' id='word_1_23' title='bbox 283 878 410 933; x_wconf 80' lang='lat' dir='ltr'>observul</span> <span class='ocrx_word' id='word_1_24' title='bbox 432 879 494 932; x_wconf 92' lang='lat' dir='ltr'>vide</span> <span class='ocrx_word' id='word_1_25' title='bbox 506 895 587 946; x_wconf 86' lang='lat' dir='ltr'>quem</span> <span class='ocrx_word' id='word_1_26' title='bbox 599 877 633 931; x_wconf 90' lang='lat' dir='ltr'>sit</span> <span class='ocrx_word' id='word_1_27' title='bbox 645 891 739 944; x_wconf 84' lang='lat' dir='ltr'>prope,</span> 
     </span>
     <span class='ocr_line' id='line_1_8' title="bbox 143 976 568 1043; baseline -0.007 -14"><span class='ocrx_word' id='word_1_28' title='bbox 143 977 318 1031; x_wconf 82' lang='lat' dir='ltr'>Profunditas</span> <span class='ocrx_word' id='word_1_29' title='bbox 331 977 376 1029; x_wconf 83' lang='lat' dir='ltr'>vix</span> <span class='ocrx_word' id='word_1_30' title='bbox 388 993 437 1030; x_wconf 83' lang='lat' dir='ltr'>sex</span> <span class='ocrx_word' id='word_1_31' title='bbox 449 976 549 1043; x_wconf 91' lang='lat' dir='ltr'>pedum</span> <span class='ocrx_word' id='word_1_32' title='bbox 561 996 568 1033; x_wconf 80' lang='lat'>3</span> 
     </span>
    </p>

    <p class='ocr_par' dir='ltr' id='par_1_6' title="bbox 108 1068 650 1237">
     <span class='ocr_line' id='line_1_9' title="bbox 108 1068 650 1133; baseline -0.004 -7"><span class='ocrx_word' id='word_1_33' title='bbox 108 1068 239 1126; x_wconf 84' lang='lat' dir='ltr'>Mensura</span> <span class='ocrx_word' id='word_1_34' title='bbox 251 1073 296 1126; x_wconf 89' lang='lat' dir='ltr'>vix</span> <span class='ocrx_word' id='word_1_35' title='bbox 308 1073 380 1125; x_wconf 81' lang='lat' dir='ltr'>ultra</span> <span class='ocrx_word' id='word_1_36' title='bbox 391 1078 475 1133; x_wconf 83' lang='lat' dir='ltr'>tuam,</span> <span class='ocrx_word' id='word_1_37' title='bbox 487 1089 503 1122; x_wconf 87' lang='lat' dir='ltr'>a</span> <span class='ocrx_word' id='word_1_38' title='bbox 514 1071 650 1124; x_wconf 82' lang='lat' dir='ltr'>laboribus</span> 
     </span>
     <span class='ocr_line' id='line_1_10' title="bbox 144 1167 620 1237; baseline -0.002 -16"><span class='ocrx_word' id='word_1_39' title='bbox 144 1168 239 1222; x_wconf 87' lang='lat' dir='ltr'>Brevis</span> <span class='ocrx_word' id='word_1_40' title='bbox 251 1169 285 1221; x_wconf 83' lang='lat' dir='ltr'>ad</span> <span class='ocrx_word' id='word_1_41' title='bbox 297 1169 417 1237; x_wconf 85' lang='lat' dir='ltr'>quietem</span> <span class='ocrx_word' id='word_1_42' title='bbox 431 1177 472 1222; x_wconf 89' lang='lat' dir='ltr'>esl</span> <span class='ocrx_word' id='word_1_43' title='bbox 482 1167 620 1222; x_wconf 87' lang='lat' dir='ltr'><strong>transitus.</strong></span> 
     </span>
    </p>
   </div>
   <div class='ocr_carea' id='block_1_5' title="bbox 108 1356 808 1619">
    <p class='ocr_par' dir='ltr' id='par_1_7' title="bbox 108 1356 808 1619">
     <span class='ocr_line' id='line_1_11' title="bbox 108 1356 808 1429; baseline 0.003 -17"><span class='ocrx_word' id='word_1_44' title='bbox 108 1356 168 1412; x_wconf 88' lang='lat' dir='ltr'>Neo</span> <span class='ocrx_word' id='word_1_45' title='bbox 180 1359 281 1412; x_wconf 81' lang='lat' dir='ltr'>indicet</span> <span class='ocrx_word' id='word_1_46' title='bbox 290 1358 379 1413; x_wconf 90' lang='lat' dir='ltr'>solum</span> <span class='ocrx_word' id='word_1_47' title='bbox 391 1359 444 1412; x_wconf 87' lang='lat' dir='ltr'>hoe</span> <span class='ocrx_word' id='word_1_48' title='bbox 456 1360 638 1427; x_wconf 86' lang='lat' dir='ltr'><strong>sepulchrum,</strong></span> <span class='ocrx_word' id='word_1_49' title='bbox 654 1361 702 1414; x_wconf 91' lang='lat' dir='ltr'>sed</span> <span class='ocrx_word' id='word_1_50' title='bbox 713 1377 808 1429; x_wconf 85' lang='lat' dir='ltr'>graves</span> 
     </span>
     <span class='ocr_line' id='line_1_12' title="bbox 145 1455 590 1524; baseline -0.002 -15"><span class='ocrx_word' id='word_1_51' title='bbox 145 1456 317 1524; x_wconf 81' lang='lat' dir='ltr'>Quocunque</span> <span class='ocrx_word' id='word_1_52' title='bbox 329 1455 377 1508; x_wconf 89' lang='lat' dir='ltr'>tibi</span> <span class='ocrx_word' id='word_1_53' title='bbox 389 1462 487 1508; x_wconf 85' lang='lat' dir='ltr'>sonunt</span> <span class='ocrx_word' id='word_1_54' title='bbox 499 1455 590 1522; x_wconf 78' lang='lat' dir='ltr'>pedes</span> 
     </span>
     <span class='ocr_line' id='line_1_13' title="bbox 108 1548 620 1619; baseline -0.002 -14"><span class='ocrx_word' id='word_1_55' title='bbox 108 1548 239 1606; x_wconf 81' lang='lat' dir='ltr'><strong>Mensura</strong></span> <span class='ocrx_word' id='word_1_56' title='bbox 251 1550 370 1619; x_wconf 86' lang='lat' dir='ltr'>eorporis</span> <span class='ocrx_word' id='word_1_57' title='bbox 383 1551 424 1604; x_wconf 90' lang='lat' dir='ltr'>tui</span> <span class='ocrx_word' id='word_1_58' title='bbox 435 1552 526 1604; x_wconf 89' lang='lat' dir='ltr'>locum</span> <span class='ocrx_word' id='word_1_59' title='bbox 540 1552 620 1613; x_wconf 85' lang='lat' dir='ltr'>dabit,</span> 
     </span>
    </p>
   </div>
   <div class='ocr_carea' id='block_1_6' title="bbox 144 1646 511 1715">
    <p class='ocr_par' dir='ltr' id='par_1_8' title="bbox 144 1646 511 1715">
     <span class='ocr_line' id='line_1_14' title="bbox 144 1646 511 1715; baseline -0.005 -15"><span class='ocrx_word' id='word_1_60' title='bbox 144 1647 283 1714; x_wconf 80' lang='lat' dir='ltr'>Sperando</span> <span class='ocrx_word' id='word_1_61' title='bbox 295 1663 349 1714; x_wconf 93' lang='lat' dir='ltr'>quo</span> <span class='ocrx_word' id='word_1_62' title='bbox 362 1646 413 1699; x_wconf 91' lang='lat' dir='ltr'>siet</span> <span class='ocrx_word' id='word_1_63' title='bbox 426 1647 511 1715; x_wconf 84' lang='lat' dir='ltr'>quies.</span> 
     </span>
    </p>
   </div>
   <div class='ocr_carea' id='block_1_7' title="bbox 107 1839 750 2196">
    <p class='ocr_par' dir='ltr' id='par_1_9' title="bbox 108 1839 639 2005">
     <span class='ocr_line' id='line_1_15' title="bbox 108 1839 639 1908; baseline 0.004 -16"><span class='ocrx_word' id='word_1_64' title='bbox 108 1839 247 1892; x_wconf 83' lang='lat' dir='ltr'>Patieuler</span> <span class='ocrx_word' id='word_1_65' title='bbox 257 1856 331 1908; x_wconf 89' lang='lat' dir='ltr'>ergo,</span> <span class='ocrx_word' id='word_1_66' title='bbox 346 1840 400 1892; x_wconf 81' lang='lat' dir='ltr'>vitu</span> <span class='ocrx_word' id='word_1_67' title='bbox 412 1856 474 1908; x_wconf 85' lang='lat' dir='ltr'>quae</span> <span class='ocrx_word' id='word_1_68' title='bbox 485 1840 538 1893; x_wconf 84' lang='lat' dir='ltr'>lert</span> <span class='ocrx_word' id='word_1_69' title='bbox 551 1841 639 1903; x_wconf 71' lang='lat' dir='ltr'>turdis,</span> 
     </span>
     <span class='ocr_line' id='line_1_16' title="bbox 144 1935 576 2005; baseline 0.005 -17"><span class='ocrx_word' id='word_1_70' title='bbox 144 1936 217 1997; x_wconf 89' lang='lat' dir='ltr'>Hoc,</span> <span class='ocrx_word' id='word_1_71' title='bbox 231 1935 328 2004; x_wconf 82' lang='lat' dir='ltr'>perfer,</span> <span class='ocrx_word' id='word_1_72' title='bbox 343 1937 396 1989; x_wconf 89' lang='lat' dir='ltr'>hoo</span> <span class='ocrx_word' id='word_1_73' title='bbox 409 1937 576 2005; x_wconf 77' lang='lat' dir='ltr'>recolligens,</span> 
     </span>
    </p>

    <p class='ocr_par' dir='ltr' id='par_1_10' title="bbox 107 2032 750 2196">
     <span class='ocr_line' id='line_1_17' title="bbox 107 2032 750 2099; baseline 0.005 -16"><span class='ocrx_word' id='word_1_74' title='bbox 107 2032 160 2084; x_wconf 88' lang='lat' dir='ltr'>Vix</span> <span class='ocrx_word' id='word_1_75' title='bbox 173 2048 240 2093; x_wconf 89' lang='lat' dir='ltr'>esse,</span> <span class='ocrx_word' id='word_1_76' title='bbox 256 2032 301 2084; x_wconf 85' lang='lat' dir='ltr'>vix</span> <span class='ocrx_word' id='word_1_77' title='bbox 314 2032 473 2099; x_wconf 86' lang='lat' dir='ltr'>perlongum</span> <span class='ocrx_word' id='word_1_78' title='bbox 486 2032 546 2094; x_wconf 86' lang='lat' dir='ltr'>iter,</span> <span class='ocrx_word' id='word_1_79' title='bbox 561 2034 606 2085; x_wconf 87' lang='lat' dir='ltr'>eui</span> <span class='ocrx_word' id='word_1_80' title='bbox 618 2033 750 2087; x_wconf 88' lang='lat' dir='ltr'>terminus</span> 
     </span>
     <span class='ocr_line' id='line_1_18' title="bbox 144 2128 539 2196; baseline -0.005 -13"><span class='ocrx_word' id='word_1_81' title='bbox 144 2128 203 2183; x_wconf 89' lang='lat' dir='ltr'>Neo</span> <span class='ocrx_word' id='word_1_82' title='bbox 216 2129 260 2181; x_wconf 89' lang='lat' dir='ltr'>hie</span> <span class='ocrx_word' id='word_1_83' title='bbox 273 2145 324 2182; x_wconf 88' lang='lat' dir='ltr'>nec</span> <span class='ocrx_word' id='word_1_84' title='bbox 337 2128 440 2196; x_wconf 86' lang='lat' dir='ltr'><strong>uspiam</strong></span> <span class='ocrx_word' id='word_1_85' title='bbox 454 2129 539 2182; x_wconf 85' lang='lat' dir='ltr'>deest.</span> 
     </span>
    </p>
   </div>
   <div class='ocr_carea' id='block_1_8' title="bbox 261 2331 613 2387">
    <p class='ocr_par' dir='ltr' id='par_1_11' title="bbox 261 2331 613 2387">
     <span class='ocr_line' id='line_1_19' title="bbox 261 2331 613 2387; baseline 0.006 -3"><span class='ocrx_word' id='word_1_86' title='bbox 261 2331 391 2385; x_wconf 89' lang='lat' dir='ltr'>AMICA</span> <span class='ocrx_word' id='word_1_87' title='bbox 413 2332 613 2387; x_wconf 84' lang='lat' dir='ltr'><strong>SILENTIA.</strong></span> 
     </span>
    </p>
   </div>
   <div class='ocr_carea' id='block_1_9' title="bbox 63 2470 791 3033">
    <p class='ocr_par' dir='ltr' id='par_1_12' title="bbox 65 2470 718 2539">
     <span class='ocr_line' id='line_1_20' title="bbox 65 2470 718 2539; baseline -0.003 -15"><span class='ocrx_word' id='word_1_88' title='bbox 65 2490 80 2524; x_wconf 81' lang='lat' dir='ltr'>r</span> <span class='ocrx_word' id='word_1_89' title='bbox 94 2473 172 2526; x_wconf 89' lang='lat' dir='ltr'>sedet</span> <span class='ocrx_word' id='word_1_90' title='bbox 184 2471 212 2524; x_wconf 86' lang='lat' dir='ltr'>in</span> <span class='ocrx_word' id='word_1_91' title='bbox 226 2471 319 2533; x_wconf 82' lang='lat' dir='ltr'>triviis,</span> <span class='ocrx_word' id='word_1_92' title='bbox 331 2471 430 2539; x_wconf 83' lang='lat' dir='ltr'>linguae</span> <span class='ocrx_word' id='word_1_93' title='bbox 441 2470 489 2539; x_wconf 91' lang='lat' dir='ltr'>qui</span> <span class='ocrx_word' id='word_1_94' title='bbox 500 2470 616 2538; x_wconf 81' lang='lat' dir='ltr'>perdidit</span> <span class='ocrx_word' id='word_1_95' title='bbox 629 2486 718 2531; x_wconf 88' lang='lat' dir='ltr'><strong>usum,</strong></span> 
     </span>
    </p>

    <p class='ocr_par' dir='ltr' id='par_1_13' title="bbox 74 2566 632 2635">
     <span class='ocr_line' id='line_1_21' title="bbox 74 2566 632 2635; baseline -0.007 -13"><span class='ocrx_word' id='word_1_96' title='bbox 74 2569 130 2623; x_wconf 90' lang='lat' dir='ltr'>Ore</span> <span class='ocrx_word' id='word_1_97' title='bbox 143 2568 241 2635; x_wconf 85' lang='lat' dir='ltr'>stipem</span> <span class='ocrx_word' id='word_1_98' title='bbox 253 2573 347 2619; x_wconf 82' lang='lat' dir='ltr'>maesto</span> <span class='ocrx_word' id='word_1_99' title='bbox 360 2566 462 2634; x_wconf 86' lang='lat' dir='ltr'>colligit</span> <span class='ocrx_word' id='word_1_100' title='bbox 474 2566 532 2619; x_wconf 83' lang='lat' dir='ltr'>aeris</span> <span class='ocrx_word' id='word_1_101' title='bbox 545 2566 632 2634; x_wconf 86' lang='lat' dir='ltr'>inops.</span> 
     </span>
    </p>

    <p class='ocr_par' dir='ltr' id='par_1_14' title="bbox 63 2662 616 2733">
     <span class='ocr_line' id='line_1_22' title="bbox 63 2662 616 2733; baseline -0.007 -15"><span class='ocrx_word' id='word_1_102' title='bbox 63 2665 146 2720; x_wconf 77' lang='lat' dir='ltr'>ldiciis</span> <span class='ocrx_word' id='word_1_103' title='bbox 158 2665 289 2733; x_wconf 91' lang='lat' dir='ltr'>populum</span> <span class='ocrx_word' id='word_1_104' title='bbox 302 2663 385 2717; x_wconf 89' lang='lat' dir='ltr'>mutis</span> <span class='ocrx_word' id='word_1_105' title='bbox 397 2662 501 2726; x_wconf 83' lang='lat' dir='ltr'>affatur,</span> <span class='ocrx_word' id='word_1_106' title='bbox 517 2670 545 2716; x_wconf 86' lang='lat' dir='ltr'>et</span> <span class='ocrx_word' id='word_1_107' title='bbox 557 2670 616 2716; x_wconf 84' lang='lat' dir='ltr'>orat</span> 
     </span>
    </p>

    <p class='ocr_par' dir='ltr' id='par_1_15' title="bbox 73 2757 576 2830">
     <span class='ocr_line' id='line_1_23' title="bbox 73 2757 576 2830; baseline -0.002 -17"><span class='ocrx_word' id='word_1_108' title='bbox 73 2762 218 2815; x_wconf 86' lang='lat' dir='ltr'>Immemor</span> <span class='ocrx_word' id='word_1_109' title='bbox 233 2768 263 2814; x_wconf 92' lang='lat' dir='ltr'>ut</span> <span class='ocrx_word' id='word_1_110' title='bbox 275 2760 343 2814; x_wconf 86' lang='lat' dir='ltr'>nolit</span> <span class='ocrx_word' id='word_1_111' title='bbox 356 2757 515 2830; x_wconf 81' lang='lat' dir='ltr'>praeteriisse</span> <span class='ocrx_word' id='word_1_112' title='bbox 524 2760 576 2814; x_wconf 87' lang='lat' dir='ltr'>sui.</span> 
     </span>
    </p>

    <p class='ocr_par' dir='ltr' id='par_1_16' title="bbox 63 2858 791 3033">
     <span class='ocr_line' id='line_1_24' title="bbox 63 2858 735 2932; baseline 0.007 -25"><span class='ocrx_word' id='word_1_113' title='bbox 63 2874 92 2908; x_wconf 81' lang='lat' dir='ltr'><em>m</em></span> <span class='ocrx_word' id='word_1_114' title='bbox 104 2858 231 2922; x_wconf 86' lang='lat' dir='ltr'>potuisse</span> <span class='ocrx_word' id='word_1_115' title='bbox 243 2858 323 2930; x_wconf 92' lang='lat' dir='ltr'>loqui</span> <span class='ocrx_word' id='word_1_116' title='bbox 331 2860 392 2932; x_wconf 82' lang='lat' dir='ltr'>jum</span> <span class='ocrx_word' id='word_1_117' title='bbox 405 2858 531 2916; x_wconf 83' lang='lat' dir='ltr'>ereditur</span> <span class='ocrx_word' id='word_1_118' title='bbox 544 2858 619 2913; x_wconf 57' lang='lat' dir='ltr'>urus</span> <span class='ocrx_word' id='word_1_119' title='bbox 629 2861 735 2912; x_wconf 66' lang='lat' dir='ltr'>muto,</span> 
     </span>
     <span class='ocr_line' id='line_1_25' title="bbox 63 2943 791 3033; baseline 0.008 -28"><span class='ocrx_word' id='word_1_120' title='bbox 63 2949 124 3001; x_wconf 74' lang='lat' dir='ltr'>lem</span> <span class='ocrx_word' id='word_1_121' title='bbox 139 2953 213 3008; x_wconf 87' lang='lat' dir='ltr'>bene</span> <span class='ocrx_word' id='word_1_122' title='bbox 227 2973 283 3012; x_wconf 90' lang='lat' dir='ltr'>neo</span> <span class='ocrx_word' id='word_1_123' title='bbox 299 2966 420 3029; x_wconf 80' lang='lat' dir='ltr'>poterat</span> <span class='ocrx_word' id='word_1_124' title='bbox 429 2960 543 3033; x_wconf 73' lang='lat' dir='ltr'>lingue</span> <span class='ocrx_word' id='word_1_125' title='bbox 554 2943 791 3022; x_wconf 43' lang='lat' dir='ltr'>uetustos&amp;-</span> 
     </span>
    </p>
   </div>
   <div class='ocr_carea' id='block_1_10' title="bbox 0 0 924 3216">
    <p class='ocr_par' dir='ltr' id='par_1_17' title="bbox 0 0 924 3216">
     <span class='ocr_line' id='line_1_26' title="bbox 0 0 924 3216; baseline 0 0"><span class='ocrx_word' id='word_1_126' title='bbox 0 0 924 3216; x_wconf 95' lang='lat' dir='ltr'> </span> 
     </span>
    </p>
   </div>
  </div>
 </body>
</html>
