1830 3216
174 315 207 363 38
465 328 495 362 rn
515 317 673 364 tonsorium.

211 467 271 535 Ipse
284 483 355 519 nove
366 467 467 521 virtute
476 470 600 537 ingentes
613 456 707 522 fortior
719 484 802 521 susus

177 563 347 631 Aggrederis,
362 570 444 627 vates,
460 565 602 633 validoque
614 564 670 634 agis
683 566 783 632 impete
801 564 900 617 mirum

176 661 273 713 Certus
285 661 344 722 iter,
360 677 510 730 cursusque
522 679 608 716 novos
620 663 690 715 ultra
702 663 760 714 avia
772 662 854 730 longe

175 756 281 810 Limina
293 773 440 820 musarum,
456 759 609 828 veterisque
622 760 761 812 cacumina
774 758 872 811 Pindi:

177 854 303 914 Quantus
316 871 363 922 per
378 855 472 909 Graias
485 857 549 910 olim
562 857 688 910 mirabilis
702 858 781 911 urbes

176 953 234 1005 Ibat
249 952 404 1015 Maeonides,
420 952 566 1023 divirmque
576 955 680 1008 ferebat
689 955 836 1007 honorem:

177 1048 303 1108 Quantus
315 1049 343 1101 in
355 1051 477 1104 attonitis
490 1051 617 1105 volitabat
630 1051 742 1118 rupibus
758 1050 900 1118 Orpheus:

178 1146 225 1198 llle
238 1143 318 1199 deirm
330 1155 435 1201 sanctas
448 1149 544 1216 stirpes
558 1156 586 1201 et
598 1149 708 1201 nomine
721 1155 795 1201 vates

175 1245 373 1313 AEternumque
385 1245 457 1297 canit
470 1246 561 1307 decus
577 1245 756 1313 antiquosque
768 1244 882 1306 labores,

178 1343 235 1394 Aut
247 1341 388 1393 hominurn
400 1357 495 1410 genus,
511 1347 558 1394 aut
569 1341 617 1394 diae
629 1340 773 1409 primordie
786 1339 871 1399 lucis3

177 1438 364 1506 Turbatasque
376 1437 471 1490 domos
483 1439 595 1506 superis,
613 1437 785 1504 immissaque
797 1437 875 1497 bella,

178 1535 312 1588 immanes
323 1533 422 1588 ausus!
449 1542 506 1587 tum
521 1535 597 1588 victis
611 1541 708 1587 tartara
720 1534 796 1587 triste

178 1629 324 1697 Effugium,
351 1629 547 1697 horrentesque
572 1631 688 1682 umbrae.
734 1629 831 1697 Stupet
854 1630 911 1682 und

247 1728 326 1787 turba

178 1824 297 1891 Fulgura
308 1826 451 1878 verborum
466 1832 493 1877 et
505 1824 577 1877 docti
591 1824 718 1876 miracula
730 1830 834 1876 cantus.

180 1920 246 1972 Tale
258 1929 336 1973 tuum
346 1937 454 1974 carmen
467 1920 552 1973 nobis.
595 1919 667 1980 Quin
681 1918 793 1987 pulchra
806 1920 909 1973 recludi

180 2016 329 2070 Hortorum
341 2016 433 2085 spatia,
448 2010 609 2084 irriguisq'ue
621 2016 741 2084 ingentia
757 2017 858 2084 campis

179 2112 303 2164 Flumina
314 2112 494 2173 concelebras,
509 2111 631 2180 primaevi
643 2128 726 2180 regna
737 2113 869 2179 parentis:

181 2207 218 2258 At
231 2206 317 2260 dulcis
329 2207 430 2275 conjux
443 2206 514 2260 secla
526 2207 596 2259 inter
608 2207 698 2260 lucida
709 2208 807 2261 florum

182 2303 310 2357 Mollibus
322 2303 442 2372 invigilat
454 2304 534 2366 curis,
550 2304 596 2357 ubi
608 2305 683 2357 dives
696 2311 790 2372 opacat

182 2400 284 2453 Umbra
295 2407 379 2459 toros,
394 2406 555 2469 myrtusque
568 2400 645 2462 viret,
661 2401 790 2468 dubiique
803 2403 915 2456 rubor

183 2497 340 2549 Nascuntur
352 2496 437 2558 violis
455 2504 482 2549 et
495 2513 525 2550 se
537 2514 633 2550 crocus
645 2497 733 2549 induit
746 2514 821 2550 euro.

182 2593 248 2645 Post
260 2599 359 2655 autem,
375 2600 454 2661 rupto
467 2593 540 2646 fatali
551 2593 658 2655 soedere,
673 2594 757 2647 tristis

182 2689 262 2740 Exilii
270 2705 360 2755 poenos
372 2690 520 2742 subeuntes
534 2705 596 2741 rura
607 2697 749 2757 peragrant

183 2785 246 2837 Solo
257 2784 337 2837 simul
350 2786 454 2853 trepido
466 2801 569 2854 gressu,
585 2786 757 2854 ambiguique
770 2788 882 2842 viarum.

183 2882 289 2934 Limina
301 2883 464 2951 dilectasque
477 2884 572 2936 domos
586 2883 677 2936 feralia
688 2884 802 2938 flammis

183 2978 250 3029 Tela
262 2978 350 3030 nitent
363 2979 464 3031 circum
477 2986 505 3032 et
518 2995 595 3032 saevae
607 2978 758 3032 formidinis
771 2996 835 3033 ora:

167 3070 234 3121 Tam
245 3071 323 3126 melli
330 3075 424 3143 polles
439 3075 553 3131 citharae
563 3074 763 3136 moderamime,
772 3081 850 3126 tunm

139 3158 273 3216 Νυιηίι·
317 3193 381 3216 -..
433 3199 450 3216 ..
491 3199 495 3214 .
555 3199 558 3209 ‚
610 3197 628 3216 n
681 3196 687 3204 -
735 3192 742 3214 ι
783 3188 832 3199 ··
