<?xml version="1.0" encoding="UTF-8"?>
<!DOCTYPE html PUBLIC "-//W3C//DTD XHTML 1.0 Transitional//EN"
    "http://www.w3.org/TR/xhtml1/DTD/xhtml1-transitional.dtd">
<html xmlns="http://www.w3.org/1999/xhtml" xml:lang="en" lang="en">
 <head>
  <title>
</title>
<meta http-equiv="Content-Type" content="text/html;charset=utf-8" />
  <meta name='ocr-system' content='tesseract 3.04.00' />
  <meta name='ocr-capabilities' content='ocr_page ocr_carea ocr_par ocr_line ocrx_word'/>
</head>
<body>
  <div class='ocr_page' id='page_1' title='image "./poeticalworksla00bourgoog_0212.png"; bbox 0 0 1830 3216; ppageno 0'>
   <div class='ocr_carea' id='block_1_1' title="bbox 255 117 871 174">
    <p class='ocr_par' dir='ltr' id='par_1_1' title="bbox 255 117 871 174">
     <span class='ocr_line' id='line_1_1' title="bbox 255 117 871 174; baseline 0.006 -11"><span class='ocrx_word' id='word_1_1' title='bbox 255 126 391 164; x_wconf 66' lang='lat' dir='ltr'><strong>sarronae</strong></span> <span class='ocrx_word' id='word_1_2' title='bbox 409 126 474 163; x_wconf 78' lang='lat' dir='ltr'><strong>pour</strong></span> <span class='ocrx_word' id='word_1_3' title='bbox 492 127 526 164; x_wconf 78' lang='lat' dir='ltr'><strong>rr</strong></span> <span class='ocrx_word' id='word_1_4' title='bbox 546 128 624 174; x_wconf 78' lang='lat' dir='ltr'><strong>uam,</strong></span> <span class='ocrx_word' id='word_1_5' title='bbox 639 129 699 165; x_wconf 80' lang='lat' dir='ltr'><strong>arc.</strong></span> <span class='ocrx_word' id='word_1_6' title='bbox 822 117 871 167; x_wconf 81' lang='lat' dir='ltr'><strong>iss</strong></span> 
     </span>
    </p>
   </div>
   <div class='ocr_carea' id='block_1_2' title="bbox 16 269 871 2937">
    <p class='ocr_par' dir='ltr' id='par_1_2' title="bbox 16 269 871 2937">
     <span class='ocr_line' id='line_1_2' title="bbox 16 269 856 340; baseline 0 -16"><span class='ocrx_word' id='word_1_7' title='bbox 16 273 23 285; x_wconf 83' lang='grc'><em>“</em></span> <span class='ocrx_word' id='word_1_8' title='bbox 104 271 167 326; x_wconf 84' lang='lat' dir='ltr'><strong>Nec</strong></span> <span class='ocrx_word' id='word_1_9' title='bbox 181 287 336 340; x_wconf 79' lang='lat' dir='ltr'>quenquam</span> <span class='ocrx_word' id='word_1_10' title='bbox 349 287 413 339; x_wconf 90' lang='lat' dir='ltr'><strong>ergo</strong></span> <span class='ocrx_word' id='word_1_11' title='bbox 426 271 493 324; x_wconf 88' lang='lat' dir='ltr'><strong>adeo</strong></span> <span class='ocrx_word' id='word_1_12' title='bbox 506 269 618 324; x_wconf 92' lang='lat' dir='ltr'><strong>rationis</strong></span> <span class='ocrx_word' id='word_1_13' title='bbox 631 288 712 340; x_wconf 88' lang='lat' dir='ltr'><strong>egere</strong></span> <span class='ocrx_word' id='word_1_14' title='bbox 724 279 856 340; x_wconf 90' lang='lat' dir='ltr'><strong>putarem,</strong></span> 
     </span>
     <span class='ocr_line' id='line_1_3' title="bbox 67 367 753 436; baseline 0 -14"><span class='ocrx_word' id='word_1_15' title='bbox 67 369 135 430; x_wconf 83' lang='lat' dir='ltr'><strong>Qui,</strong></span> <span class='ocrx_word' id='word_1_16' title='bbox 150 368 181 430; x_wconf 89' lang='lat' dir='ltr'><strong>si,</strong></span> <span class='ocrx_word' id='word_1_17' title='bbox 198 369 272 436; x_wconf 93' lang='lat' dir='ltr'><strong>quod</strong></span> <span class='ocrx_word' id='word_1_18' title='bbox 284 367 356 436; x_wconf 91' lang='lat' dir='ltr'><strong>turpi</strong></span> <span class='ocrx_word' id='word_1_19' title='bbox 369 368 465 436; x_wconf 81' lang='lat' dir='ltr'><strong>satagit</strong></span> <span class='ocrx_word' id='word_1_20' title='bbox 477 368 639 436; x_wconf 84' lang='lat' dir='ltr'><strong>conquirere</strong></span> <span class='ocrx_word' id='word_1_21' title='bbox 650 368 753 430; x_wconf 84' lang='lat' dir='ltr'><strong>fraude,</strong></span> 
     </span>
     <span class='ocr_line' id='line_1_4' title="bbox 65 463 778 533; baseline 0 -16"><span class='ocrx_word' id='word_1_22' title='bbox 65 464 182 517; x_wconf 75' lang='lat' dir='ltr'><strong>Lucrati</strong></span> <span class='ocrx_word' id='word_1_23' title='bbox 194 463 260 516; x_wconf 86' lang='lat' dir='ltr'><strong>illud</strong></span> <span class='ocrx_word' id='word_1_24' title='bbox 273 463 345 516; x_wconf 91' lang='lat' dir='ltr'><strong>idem</strong></span> <span class='ocrx_word' id='word_1_25' title='bbox 357 470 449 531; x_wconf 87' lang='lat' dir='ltr'><strong>posset</strong></span> <span class='ocrx_word' id='word_1_26' title='bbox 461 464 520 516; x_wconf 88' lang='lat' dir='ltr'><strong>sine</strong></span> <span class='ocrx_word' id='word_1_27' title='bbox 531 463 634 526; x_wconf 85' lang='lat' dir='ltr'><strong>fraude,</strong></span> <span class='ocrx_word' id='word_1_28' title='bbox 650 472 761 533; x_wconf 84' lang='lat' dir='ltr'><strong>negaret</strong></span> <span class='ocrx_word' id='word_1_29' title='bbox 772 486 778 524; x_wconf 87' lang='lat'><strong>;</strong></span> 
     </span>
     <span class='ocr_line' id='line_1_5' title="bbox 64 558 683 626; baseline -0.002 -14"><span class='ocrx_word' id='word_1_30' title='bbox 64 559 104 612; x_wconf 86' lang='lat' dir='ltr'><strong>Et</strong></span> <span class='ocrx_word' id='word_1_31' title='bbox 116 560 174 612; x_wconf 88' lang='lat' dir='ltr'><strong>voti</strong></span> <span class='ocrx_word' id='word_1_32' title='bbox 186 559 271 612; x_wconf 91' lang='lat' dir='ltr'><strong>nollet</strong></span> <span class='ocrx_word' id='word_1_33' title='bbox 283 558 349 620; x_wconf 88' lang='lat' dir='ltr'><strong>fieri,</strong></span> <span class='ocrx_word' id='word_1_34' title='bbox 365 558 416 610; x_wconf 87' lang='lat' dir='ltr'><strong>nisi</strong></span> <span class='ocrx_word' id='word_1_35' title='bbox 429 558 548 620; x_wconf 88' lang='lat' dir='ltr'><strong>crimine,</strong></span> <span class='ocrx_word' id='word_1_36' title='bbox 565 574 683 626; x_wconf 90' lang='lat' dir='ltr'><strong>compos.</strong></span> 
     </span>
     <span class='ocr_line' id='line_1_6' title="bbox 100 649 822 725; baseline 0.001 -16"><span class='ocrx_word' id='word_1_37' title='bbox 100 656 171 719; x_wconf 88' lang='lat' dir='ltr'><strong>Jam,</strong></span> <span class='ocrx_word' id='word_1_38' title='bbox 186 656 237 710; x_wconf 86' lang='lat' dir='ltr'><strong>sibi</strong></span> <span class='ocrx_word' id='word_1_39' title='bbox 249 656 296 725; x_wconf 90' lang='lat' dir='ltr'><strong>qui</strong></span> <span class='ocrx_word' id='word_1_40' title='bbox 308 655 424 725; x_wconf 80' lang='lat' dir='ltr'><strong>ignoscit</strong></span> <span class='ocrx_word' id='word_1_41' title='bbox 435 649 549 723; x_wconf 77' lang='lat' dir='ltr'><strong>propriis</strong></span> <span class='ocrx_word' id='word_1_42' title='bbox 562 655 633 708; x_wconf 83' lang='lat' dir='ltr'><strong>vitiis</strong></span> <span class='ocrx_word' id='word_1_43' title='bbox 645 656 709 709; x_wconf 88' lang='lat' dir='ltr'><strong>satis</strong></span> <span class='ocrx_word' id='word_1_44' title='bbox 722 672 822 724; x_wconf 80' lang='lat' dir='ltr'><strong>aequus,</strong></span> 
     </span>
     <span class='ocr_line' id='line_1_7' title="bbox 65 752 710 821; baseline -0.002 -14"><span class='ocrx_word' id='word_1_45' title='bbox 65 753 217 808; x_wconf 85' lang='lat' dir='ltr'><strong>Censorem</strong></span> <span class='ocrx_word' id='word_1_46' title='bbox 230 752 377 806; x_wconf 89' lang='lat' dir='ltr'><strong>mendosus</strong></span> <span class='ocrx_word' id='word_1_47' title='bbox 390 752 463 820; x_wconf 82' lang='lat' dir='ltr'><strong>agit;</strong></span> <span class='ocrx_word' id='word_1_48' title='bbox 483 752 592 805; x_wconf 84' lang='lat' dir='ltr'><strong>desaevit</strong></span> <span class='ocrx_word' id='word_1_49' title='bbox 606 753 710 821; x_wconf 90' lang='lat' dir='ltr'><strong>etipse,</strong></span> 
     </span>
     <span class='ocr_line' id='line_1_8' title="bbox 65 848 748 916; baseline -0.003 -14"><span class='ocrx_word' id='word_1_50' title='bbox 65 848 191 902; x_wconf 80' lang='lat' dir='ltr'><strong>Censura</strong></span> <span class='ocrx_word' id='word_1_51' title='bbox 203 848 315 916; x_wconf 91' lang='lat' dir='ltr'><strong>dignum</strong></span> <span class='ocrx_word' id='word_1_52' title='bbox 328 848 351 901; x_wconf 95' lang='lat' dir='ltr'><strong>si</strong></span> <span class='ocrx_word' id='word_1_53' title='bbox 363 848 510 916; x_wconf 82' lang='lat' dir='ltr'><strong>quidquam</strong></span> <span class='ocrx_word' id='word_1_54' title='bbox 523 848 660 901; x_wconf 84' lang='lat' dir='ltr'><strong>admiserit</strong></span> <span class='ocrx_word' id='word_1_55' title='bbox 672 849 748 902; x_wconf 85' lang='lat' dir='ltr'><strong>alter.</strong></span> 
     </span>
     <span class='ocr_line' id='line_1_9' title="bbox 101 939 784 1011; baseline 0 -15"><span class='ocrx_word' id='word_1_56' title='bbox 101 944 232 998; x_wconf 80' lang='lat' dir='ltr'><strong>Rusticus</strong></span> <span class='ocrx_word' id='word_1_57' title='bbox 243 944 307 997; x_wconf 92' lang='lat' dir='ltr'><strong>olirn</strong></span> <span class='ocrx_word' id='word_1_58' title='bbox 319 943 384 996; x_wconf 89' lang='lat' dir='ltr'><strong>adiit</strong></span> <span class='ocrx_word' id='word_1_59' title='bbox 397 942 553 996; x_wconf 90' lang='lat' dir='ltr'><strong>consultum</strong></span> <span class='ocrx_word' id='word_1_60' title='bbox 562 943 640 1011; x_wconf 91' lang='lat' dir='ltr'><strong>juris,</strong></span> <span class='ocrx_word' id='word_1_61' title='bbox 655 951 686 997; x_wconf 89' lang='lat' dir='ltr'><strong>ut</strong></span> <span class='ocrx_word' id='word_1_62' title='bbox 699 939 784 1005; x_wconf 89' lang='lat' dir='ltr'><strong>aiunt,</strong></span> 
     </span>
     <span class='ocr_line' id='line_1_10' title="bbox 63 1038 701 1108; baseline -0.002 -15"><span class='ocrx_word' id='word_1_63' title='bbox 63 1040 279 1093; x_wconf 88' lang='lat' dir='ltr'><strong>Percontaturus</strong></span> <span class='ocrx_word' id='word_1_64' title='bbox 292 1039 358 1108; x_wconf 93' lang='lat' dir='ltr'><strong>quid</strong></span> <span class='ocrx_word' id='word_1_65' title='bbox 369 1038 415 1091; x_wconf 84' lang='lat' dir='ltr'><strong>lex</strong></span> <span class='ocrx_word' id='word_1_66' title='bbox 426 1038 538 1091; x_wconf 89' lang='lat' dir='ltr'><strong>sentiret</strong></span> <span class='ocrx_word' id='word_1_67' title='bbox 551 1039 578 1090; x_wconf 93' lang='lat' dir='ltr'><strong>in</strong></span> <span class='ocrx_word' id='word_1_68' title='bbox 592 1039 641 1092; x_wconf 85' lang='lat' dir='ltr'><strong>hac</strong></span> <span class='ocrx_word' id='word_1_69' title='bbox 655 1056 701 1092; x_wconf 80' lang='lat' dir='ltr'><strong>re:</strong></span> 
     </span>
     <span class='ocr_line' id='line_1_11' title="bbox 63 1127 745 1204; baseline -0.001 -15"><span class='ocrx_word' id='word_1_70' title='bbox 63 1143 82 1167; x_wconf 87' lang='lat'><strong>“</strong></span> <span class='ocrx_word' id='word_1_71' title='bbox 93 1135 149 1190; x_wconf 86' lang='lat' dir='ltr'><strong>Bos</strong></span> <span class='ocrx_word' id='word_1_72' title='bbox 160 1135 268 1197; x_wconf 87' lang='lat' dir='ltr'><strong>vicini,”</strong></span> <span class='ocrx_word' id='word_1_73' title='bbox 280 1127 376 1204; x_wconf 81' lang='lat' dir='ltr'><strong>inquit,</strong></span> <span class='ocrx_word' id='word_1_74' title='bbox 393 1140 513 1202; x_wconf 87' lang='lat' dir='ltr'><strong>“sepem</strong></span> <span class='ocrx_word' id='word_1_75' title='bbox 523 1135 652 1203; x_wconf 89' lang='lat' dir='ltr'><strong>perrupit,</strong></span> <span class='ocrx_word' id='word_1_76' title='bbox 666 1135 745 1203; x_wconf 86' lang='lat' dir='ltr'><strong>agelli</strong></span> 
     </span>
     <span class='ocr_line' id='line_1_12' title="bbox 62 1226 871 1297; baseline -0.001 -13"><span class='ocrx_word' id='word_1_77' title='bbox 62 1231 192 1285; x_wconf 87' lang='lat' dir='ltr'><strong>Tutelam</strong></span> <span class='ocrx_word' id='word_1_78' title='bbox 204 1231 298 1292; x_wconf 87' lang='lat' dir='ltr'><strong>nostri,</strong></span> <span class='ocrx_word' id='word_1_79' title='bbox 313 1237 341 1283; x_wconf 91' lang='lat' dir='ltr'><strong>et</strong></span> <span class='ocrx_word' id='word_1_80' title='bbox 354 1229 466 1283; x_wconf 88' lang='lat' dir='ltr'><strong>viridem</strong></span> <span class='ocrx_word' id='word_1_81' title='bbox 478 1229 548 1297; x_wconf 86' lang='lat' dir='ltr'><strong>pede</strong></span> <span class='ocrx_word' id='word_1_82' title='bbox 559 1226 656 1297; x_wconf 88' lang='lat' dir='ltr'><strong>pressit</strong></span> <span class='ocrx_word' id='word_1_83' title='bbox 668 1228 838 1291; x_wconf 87' lang='lat' dir='ltr'><strong>aristam,”-</strong></span> <span class='ocrx_word' id='word_1_84' title='bbox 863 1270 871 1283; x_wconf 94' lang='lat'>.</span> 
     </span>
     <span class='ocr_line' id='line_1_13' title="bbox 61 1325 791 1394; baseline -0.001 -13"><span class='ocrx_word' id='word_1_85' title='bbox 61 1336 81 1359; x_wconf 87' lang='lat'>“</span> <span class='ocrx_word' id='word_1_86' title='bbox 93 1327 196 1381; x_wconf 86' lang='lat' dir='ltr'><strong>Pressit</strong></span> <span class='ocrx_word' id='word_1_87' title='bbox 208 1327 324 1388; x_wconf 87' lang='lat' dir='ltr'><strong>aristam,</strong></span> <span class='ocrx_word' id='word_1_88' title='bbox 339 1325 397 1380; x_wconf 80' lang='lat' dir='ltr'><strong>ais?</strong></span> <span class='ocrx_word' id='word_1_89' title='bbox 416 1333 444 1379; x_wconf 91' lang='lat' dir='ltr'><strong>et</strong></span> <span class='ocrx_word' id='word_1_90' title='bbox 456 1342 548 1394; x_wconf 90' lang='lat' dir='ltr'><strong>sepem</strong></span> <span class='ocrx_word' id='word_1_91' title='bbox 562 1326 701 1394; x_wconf 81' lang='lat' dir='ltr'><strong>perrupit?</strong></span> <span class='ocrx_word' id='word_1_92' title='bbox 719 1327 791 1380; x_wconf 90' lang='lat' dir='ltr'><strong>abito</strong></span> 
     </span>
     <span class='ocr_line' id='line_1_14' title="bbox 61 1421 719 1484; baseline -0.006 -6"><span class='ocrx_word' id='word_1_93' title='bbox 61 1425 199 1484; x_wconf 62' lang='lat' dir='ltr'><strong>Securum</strong></span> <span class='ocrx_word' id='word_1_94' title='bbox 222 1439 303 1476; x_wconf 86' lang='lat' dir='ltr'><strong>causa</strong></span> <span class='ocrx_word' id='word_1_95' title='bbox 315 1422 423 1475; x_wconf 79' lang='lat' dir='ltr'><strong>vincesz</strong></span> <span class='ocrx_word' id='word_1_96' title='bbox 443 1421 481 1474; x_wconf 91' lang='lat' dir='ltr'><strong>mi</strong></span> <span class='ocrx_word' id='word_1_97' title='bbox 493 1423 573 1476; x_wconf 90' lang='lat' dir='ltr'><strong>crede</strong></span> <span class='ocrx_word' id='word_1_98' title='bbox 586 1430 719 1476; x_wconf 89' lang='lat' dir='ltr'><strong>resartum</strong></span> 
     </span>
     <span class='ocr_line' id='line_1_15' title="bbox 60 1518 808 1589; baseline -0.005 -14"><span class='ocrx_word' id='word_1_99' title='bbox 60 1521 123 1575; x_wconf 88' lang='lat' dir='ltr'><strong>Hoc</strong></span> <span class='ocrx_word' id='word_1_100' title='bbox 135 1520 184 1574; x_wconf 91' lang='lat' dir='ltr'><strong>tihi</strong></span> <span class='ocrx_word' id='word_1_101' title='bbox 196 1519 343 1589; x_wconf 56' lang='lat' dir='ltr'><strong>prfflrandi</strong></span> <span class='ocrx_word' id='word_1_102' title='bbox 354 1525 450 1587; x_wconf 76' lang='lat' dir='ltr'><strong>presto</strong></span> <span class='ocrx_word' id='word_1_103' title='bbox 463 1535 526 1571; x_wconf 91' lang='lat' dir='ltr'><strong>cunr</strong></span> <span class='ocrx_word' id='word_1_104' title='bbox 538 1518 640 1572; x_wconf 85' lang='lat' dir='ltr'><strong>ioenore</strong></span> <span class='ocrx_word' id='word_1_105' title='bbox 652 1519 808 1573; x_wconf 85' lang='lat' dir='ltr'><strong>damnum.”</strong></span> 
     </span>
     <span class='ocr_line' id='line_1_16' title="bbox 58 1613 860 1678; baseline -0.002 -8"><span class='ocrx_word' id='word_1_106' title='bbox 58 1616 190 1670; x_wconf 86' lang='lat' dir='ltr'><strong>Rusticus</strong></span> <span class='ocrx_word' id='word_1_107' title='bbox 198 1615 383 1676; x_wconf 72' lang='lat' dir='ltr'><strong>hic-“satis</strong></span> <span class='ocrx_word' id='word_1_108' title='bbox 392 1621 446 1667; x_wconf 91' lang='lat' dir='ltr'><strong>est:</strong></span> <span class='ocrx_word' id='word_1_109' title='bbox 466 1615 585 1668; x_wconf 89' lang='lat' dir='ltr'><strong>bosnam</strong></span> <span class='ocrx_word' id='word_1_110' title='bbox 594 1613 813 1678; x_wconf 84' lang='lat' dir='ltr'><strong>tuus&#39;’-“imo,’&#39;</strong></span> <span class='ocrx_word' id='word_1_111' title='bbox 823 1615 860 1668; x_wconf 91' lang='lat' dir='ltr'><strong>ait</strong></span> 
     </span>
     <span class='ocr_line' id='line_1_17' title="bbox 58 1710 856 1781; baseline -0.004 -14"><span class='ocrx_word' id='word_1_112' title='bbox 58 1720 77 1745; x_wconf 88' lang='lat'>“</span> <span class='ocrx_word' id='word_1_113' title='bbox 87 1713 117 1768; x_wconf 83' lang='lat' dir='ltr'><strong>si</strong></span> <span class='ocrx_word' id='word_1_114' title='bbox 126 1729 212 1775; x_wconf 77' lang='lat' dir='ltr'><strong>meuc,</strong></span> <span class='ocrx_word' id='word_1_115' title='bbox 222 1712 353 1780; x_wconf 84' lang='lat' dir='ltr'><strong>estlonge</strong></span> <span class='ocrx_word' id='word_1_116' title='bbox 363 1728 406 1766; x_wconf 87' lang='lat' dir='ltr'><strong>res</strong></span> <span class='ocrx_word' id='word_1_117' title='bbox 415 1712 472 1781; x_wconf 88' lang='lat' dir='ltr'><strong>jam</strong></span> <span class='ocrx_word' id='word_1_118' title='bbox 485 1710 590 1764; x_wconf 81' lang='lat' dir='ltr'><strong>diversa</strong></span> <span class='ocrx_word' id='word_1_119' title='bbox 600 1711 749 1780; x_wconf 86' lang='lat' dir='ltr'><strong>proiecto.”</strong></span> <span class='ocrx_word' id='word_1_120' title='bbox 769 1712 856 1778; x_wconf 89' lang='lat' dir='ltr'><strong>[alter‚</strong></span> 
     </span>
     <span class='ocr_line' id='line_1_18' title="bbox 93 1807 785 1876; baseline -0.004 -12"><span class='ocrx_word' id='word_1_121' title='bbox 93 1811 184 1872; x_wconf 77' lang='lat' dir='ltr'><strong>Quam</strong></span> <span class='ocrx_word' id='word_1_122' title='bbox 197 1809 310 1862; x_wconf 89' lang='lat' dir='ltr'><strong>ridenda</strong></span> <span class='ocrx_word' id='word_1_123' title='bbox 321 1815 385 1861; x_wconf 87' lang='lat' dir='ltr'><strong>tuos</strong></span> <span class='ocrx_word' id='word_1_124' title='bbox 396 1808 467 1861; x_wconf 90' lang='lat' dir='ltr'><strong>bene</strong></span> <span class='ocrx_word' id='word_1_125' title='bbox 479 1807 565 1876; x_wconf 84' lang='lat' dir='ltr'><strong>pingit</strong></span> <span class='ocrx_word' id='word_1_126' title='bbox 577 1807 667 1861; x_wconf 86' lang='lat' dir='ltr'><strong>sabula</strong></span> <span class='ocrx_word' id='word_1_127' title='bbox 678 1825 768 1862; x_wconf 91' lang='lat' dir='ltr'><strong>mores</strong></span> <span class='ocrx_word' id='word_1_128' title='bbox 778 1807 785 1861; x_wconf 88' lang='lat' dir='ltr'><strong>i</strong></span> 
     </span>
     <span class='ocr_line' id='line_1_19' title="bbox 57 1903 713 1974; baseline -0.005 -14"><span class='ocrx_word' id='word_1_129' title='bbox 57 1907 123 1969; x_wconf 82' lang='lat' dir='ltr'><strong>Qui,</strong></span> <span class='ocrx_word' id='word_1_130' title='bbox 138 1906 161 1959; x_wconf 87' lang='lat' dir='ltr'><strong>si</strong></span> <span class='ocrx_word' id='word_1_131' title='bbox 174 1906 208 1959; x_wconf 88' lang='lat' dir='ltr'><strong>de</strong></span> <span class='ocrx_word' id='word_1_132' title='bbox 220 1904 334 1974; x_wconf 91' lang='lat' dir='ltr'><strong>propriis</strong></span> <span class='ocrx_word' id='word_1_133' title='bbox 346 1904 442 1972; x_wconf 87' lang='lat' dir='ltr'><strong>perdas</strong></span> <span class='ocrx_word' id='word_1_134' title='bbox 455 1903 519 1971; x_wconf 90' lang='lat' dir='ltr'><strong>quid</strong></span> <span class='ocrx_word' id='word_1_135' title='bbox 533 1904 595 1957; x_wconf 83' lang='lat' dir='ltr'><strong>vive</strong></span> <span class='ocrx_word' id='word_1_136' title='bbox 607 1904 713 1963; x_wconf 88' lang='lat' dir='ltr'><strong>dolove,</strong></span> 
     </span>
     <span class='ocr_line' id='line_1_20' title="bbox 55 2000 736 2069; baseline -0.006 -11"><span class='ocrx_word' id='word_1_137' title='bbox 55 2003 185 2058; x_wconf 88' lang='lat' dir='ltr'><strong>Protinus</strong></span> <span class='ocrx_word' id='word_1_138' title='bbox 198 2001 340 2063; x_wconf 82' lang='lat' dir='ltr'><strong>exclamas,</strong></span> <span class='ocrx_word' id='word_1_139' title='bbox 355 2007 383 2053; x_wconf 88' lang='lat' dir='ltr'><strong>et</strong></span> <span class='ocrx_word' id='word_1_140' title='bbox 391 2000 476 2069; x_wconf 81' lang='lat' dir='ltr'><strong>juras,</strong></span> <span class='ocrx_word' id='word_1_141' title='bbox 492 2006 523 2053; x_wconf 91' lang='lat' dir='ltr'><strong>ut</strong></span> <span class='ocrx_word' id='word_1_142' title='bbox 536 2007 601 2053; x_wconf 92' lang='lat' dir='ltr'><strong>tuus</strong></span> <span class='ocrx_word' id='word_1_143' title='bbox 614 2007 655 2053; x_wconf 88' lang='lat' dir='ltr'><strong>est</strong></span> <span class='ocrx_word' id='word_1_144' title='bbox 667 2017 736 2061; x_wconf 90' lang='lat' dir='ltr'><strong>mos,</strong></span> 
     </span>
     <span class='ocr_line' id='line_1_21' title="bbox 54 2095 719 2167; baseline -0.009 -12"><span class='ocrx_word' id='word_1_145' title='bbox 54 2101 102 2156; x_wconf 91' lang='lat' dir='ltr'><strong>Nil</strong></span> <span class='ocrx_word' id='word_1_146' title='bbox 115 2099 206 2167; x_wconf 90' lang='lat' dir='ltr'><strong>superi</strong></span> <span class='ocrx_word' id='word_1_147' title='bbox 218 2104 315 2152; x_wconf 85' lang='lat' dir='ltr'><strong>curant</strong></span> <span class='ocrx_word' id='word_1_148' title='bbox 327 2095 468 2150; x_wconf 82' lang='lat' dir='ltr'><strong>mortalia?</strong></span> <span class='ocrx_word' id='word_1_149' title='bbox 487 2095 600 2149; x_wconf 83' lang='lat' dir='ltr'><strong>fulmina</strong></span> <span class='ocrx_word' id='word_1_150' title='bbox 613 2103 719 2149; x_wconf 87' lang='lat' dir='ltr'><strong>cessant</strong></span> 
     </span>
     <span class='ocr_line' id='line_1_22' title="bbox 54 2191 783 2255; baseline -0.008 -5"><span class='ocrx_word' id='word_1_151' title='bbox 54 2196 112 2251; x_wconf 86' lang='lat' dir='ltr'><strong>Cur</strong></span> <span class='ocrx_word' id='word_1_152' title='bbox 123 2201 179 2248; x_wconf 87' lang='lat' dir='ltr'><strong>tam</strong></span> <span class='ocrx_word' id='word_1_153' title='bbox 191 2193 340 2255; x_wconf 81' lang='lat' dir='ltr'><strong>formidata,</strong></span> <span class='ocrx_word' id='word_1_154' title='bbox 356 2199 384 2246; x_wconf 91' lang='lat' dir='ltr'><strong>et</strong></span> <span class='ocrx_word' id='word_1_155' title='bbox 396 2192 496 2245; x_wconf 81' lang='lat' dir='ltr'><strong>vindex</strong></span> <span class='ocrx_word' id='word_1_156' title='bbox 506 2192 614 2244; x_wconf 83' lang='lat' dir='ltr'><strong>flamma</strong></span> <span class='ocrx_word' id='word_1_157' title='bbox 630 2191 783 2245; x_wconf 80' lang='lat' dir='ltr'><strong>Tonantis?</strong></span> 
     </span>
     <span class='ocr_line' id='line_1_23' title="bbox 49 2286 827 2356; baseline -0.006 -11"><span class='ocrx_word' id='word_1_158' title='bbox 49 2291 112 2345; x_wconf 85' lang='lat' dir='ltr'><strong>Jam</strong></span> <span class='ocrx_word' id='word_1_159' title='bbox 125 2291 212 2344; x_wconf 86' lang='lat' dir='ltr'><strong>virtus</strong></span> <span class='ocrx_word' id='word_1_160' title='bbox 224 2305 279 2342; x_wconf 89' lang='lat' dir='ltr'><strong>non</strong></span> <span class='ocrx_word' id='word_1_161' title='bbox 292 2290 388 2342; x_wconf 88' lang='lat' dir='ltr'><strong>umbra</strong></span> <span class='ocrx_word' id='word_1_162' title='bbox 399 2287 448 2341; x_wconf 92' lang='lat' dir='ltr'><strong>tibi</strong></span> <span class='ocrx_word' id='word_1_163' title='bbox 460 2294 509 2349; x_wconf 89' lang='lat' dir='ltr'><strong>est,</strong></span> <span class='ocrx_word' id='word_1_164' title='bbox 520 2287 577 2356; x_wconf 88' lang='lat' dir='ltr'><strong>jam</strong></span> <span class='ocrx_word' id='word_1_165' title='bbox 590 2286 684 2355; x_wconf 82' lang='lat' dir='ltr'><strong>iusque</strong></span> <span class='ocrx_word' id='word_1_166' title='bbox 696 2286 827 2355; x_wconf 87' lang='lat' dir='ltr'><strong>nefasque</strong></span> 
     </span>
     <span class='ocr_line' id='line_1_24' title="bbox 51 2381 708 2454; baseline -0.014 -12"><span class='ocrx_word' id='word_1_167' title='bbox 51 2388 124 2442; x_wconf 85' lang='lat' dir='ltr'><strong>Sunt</strong></span> <span class='ocrx_word' id='word_1_168' title='bbox 136 2384 237 2454; x_wconf 90' lang='lat' dir='ltr'><strong>aliquid</strong></span> <span class='ocrx_word' id='word_1_169' title='bbox 248 2409 255 2444; x_wconf 86' lang='lat'><strong>·,</strong></span> <span class='ocrx_word' id='word_1_170' title='bbox 275 2383 373 2437; x_wconf 84' lang='lat' dir='ltr'><strong>caelesti</strong></span> <span class='ocrx_word' id='word_1_171' title='bbox 385 2382 508 2451; x_wconf 83' lang='lat' dir='ltr'><strong>agnoscis</strong></span> <span class='ocrx_word' id='word_1_172' title='bbox 522 2381 625 2450; x_wconf 89' lang='lat' dir='ltr'><strong>origine</strong></span> <span class='ocrx_word' id='word_1_173' title='bbox 638 2387 708 2434; x_wconf 85' lang='lat' dir='ltr'><strong>nata.</strong></span> 
     </span>
     <span class='ocr_line' id='line_1_25' title="bbox 52 2479 582 2539; baseline -0.009 -2"><span class='ocrx_word' id='word_1_174' title='bbox 52 2484 90 2538; x_wconf 81' lang='lat' dir='ltr'><strong>At</strong></span> <span class='ocrx_word' id='word_1_175' title='bbox 104 2481 203 2536; x_wconf 85' lang='lat' dir='ltr'><strong>violata</strong></span> <span class='ocrx_word' id='word_1_176' title='bbox 214 2481 281 2534; x_wconf 85' lang='lat' dir='ltr'><strong>fides</strong></span> <span class='ocrx_word' id='word_1_177' title='bbox 293 2480 317 2534; x_wconf 92' lang='lat' dir='ltr'><strong>si</strong></span> <span class='ocrx_word' id='word_1_178' title='bbox 330 2487 358 2533; x_wconf 90' lang='lat' dir='ltr'><strong>te</strong></span> <span class='ocrx_word' id='word_1_179' title='bbox 371 2479 495 2533; x_wconf 87' lang='lat' dir='ltr'><strong>ditaverit</strong></span> <span class='ocrx_word' id='word_1_180' title='bbox 507 2495 582 2539; x_wconf 85' lang='lat' dir='ltr'><strong>auro,</strong></span> 
     </span>
     <span class='ocr_line' id='line_1_26' title="bbox 50 2574 808 2647; baseline -0.008 -14"><span class='ocrx_word' id='word_1_181' title='bbox 50 2581 124 2633; x_wconf 91' lang='lat' dir='ltr'><strong>Tum</strong></span> <span class='ocrx_word' id='word_1_182' title='bbox 138 2575 321 2647; x_wconf 79' lang='lat' dir='ltr'><strong>superirmqne</strong></span> <span class='ocrx_word' id='word_1_183' title='bbox 333 2576 419 2629; x_wconf 87' lang='lat' dir='ltr'><strong>minas</strong></span> <span class='ocrx_word' id='word_1_184' title='bbox 432 2582 460 2629; x_wconf 88' lang='lat' dir='ltr'><strong>et</strong></span> <span class='ocrx_word' id='word_1_185' title='bbox 472 2577 551 2628; x_wconf 85' lang='lat' dir='ltr'><strong>bruta</strong></span> <span class='ocrx_word' id='word_1_186' title='bbox 562 2574 683 2628; x_wconf 88' lang='lat' dir='ltr'><strong>tonitrua</strong></span> <span class='ocrx_word' id='word_1_187' title='bbox 695 2575 808 2642; x_wconf 90' lang='lat' dir='ltr'><strong>spernis,</strong></span> 
     </span>
     <span class='ocr_line' id='line_1_27' title="bbox 50 2671 742 2743; baseline -0.012 -13"><span class='ocrx_word' id='word_1_188' title='bbox 50 2676 107 2730; x_wconf 83' lang='lat' dir='ltr'><strong>Sub</strong></span> <span class='ocrx_word' id='word_1_189' title='bbox 120 2673 289 2743; x_wconf 84' lang='lat' dir='ltr'><strong>pedibusque</strong></span> <span class='ocrx_word' id='word_1_190' title='bbox 298 2673 391 2741; x_wconf 89' lang='lat' dir='ltr'><strong>jacent</strong></span> <span class='ocrx_word' id='word_1_191' title='bbox 402 2672 484 2740; x_wconf 88' lang='lat' dir='ltr'><strong>leges,</strong></span> <span class='ocrx_word' id='word_1_192' title='bbox 500 2678 528 2724; x_wconf 86' lang='lat' dir='ltr'><strong>et</strong></span> <span class='ocrx_word' id='word_1_193' title='bbox 540 2671 648 2724; x_wconf 86' lang='lat' dir='ltr'><strong>vincula</strong></span> <span class='ocrx_word' id='word_1_194' title='bbox 659 2687 742 2724; x_wconf 88' lang='lat' dir='ltr'><strong>sacra.</strong></span> 
     </span>
     <span class='ocr_line' id='line_1_28' title="bbox 86 2767 842 2840; baseline -0.008 -15"><span class='ocrx_word' id='word_1_195' title='bbox 86 2771 291 2840; x_wconf 83' lang='lat' dir='ltr'><strong>Nequicquam;</strong></span> <span class='ocrx_word' id='word_1_196' title='bbox 312 2785 429 2837; x_wconf 90' lang='lat' dir='ltr'><strong>namque</strong></span> <span class='ocrx_word' id='word_1_197' title='bbox 441 2767 512 2821; x_wconf 90' lang='lat' dir='ltr'><strong>haud</strong></span> <span class='ocrx_word' id='word_1_198' title='bbox 526 2767 612 2820; x_wconf 89' lang='lat' dir='ltr'><strong>virtus</strong></span> <span class='ocrx_word' id='word_1_199' title='bbox 624 2767 760 2821; x_wconf 85' lang='lat' dir='ltr'><strong>mutabilis</strong></span> <span class='ocrx_word' id='word_1_200' title='bbox 772 2784 842 2820; x_wconf 83' lang='lat' dir='ltr'><strong>auroe</strong></span> 
     </span>
     <span class='ocr_line' id='line_1_29' title="bbox 43 2865 725 2937; baseline 0.001 -19"><span class='ocrx_word' id='word_1_201' title='bbox 43 2867 165 2918; x_wconf 82' lang='lat' dir='ltr'><strong>Arbitrio</strong></span> <span class='ocrx_word' id='word_1_202' title='bbox 174 2865 322 2933; x_wconf 75' lang='lat' dir='ltr'><strong>popularis,</strong></span> <span class='ocrx_word' id='word_1_203' title='bbox 338 2865 447 2922; x_wconf 87' lang='lat' dir='ltr'><strong>honore</strong></span> <span class='ocrx_word' id='word_1_204' title='bbox 462 2866 606 2923; x_wconf 74' lang='lat' dir='ltr'><strong>ornabitur</strong></span> <span class='ocrx_word' id='word_1_205' title='bbox 621 2881 725 2937; x_wconf 55' lang='lat' dir='ltr'><strong>aequos</strong></span> 
     </span>
    </p>
   </div>
   <div class='ocr_carea' id='block_1_3' title="bbox 29 2959 813 3104">
    <p class='ocr_par' dir='ltr' id='par_1_3' title="bbox 29 2959 813 3104">
     <span class='ocr_line' id='line_1_30' title="bbox 29 2959 797 3025; baseline 0.014 -17"><span class='ocrx_word' id='word_1_206' title='bbox 29 2959 106 3008; x_wconf 80' lang='lat' dir='ltr'><strong>Ante</strong></span> <span class='ocrx_word' id='word_1_207' title='bbox 118 2959 221 3010; x_wconf 86' lang='lat' dir='ltr'><strong>etenim</strong></span> <span class='ocrx_word' id='word_1_208' title='bbox 238 2977 336 3018; x_wconf 77' lang='lat' dir='ltr'><strong>versus</strong></span> <span class='ocrx_word' id='word_1_209' title='bbox 350 2967 439 3022; x_wconf 84' lang='lat' dir='ltr'><strong>cedet</strong></span> <span class='ocrx_word' id='word_1_210' title='bbox 455 2968 539 3025; x_wconf 80' lang='lat' dir='ltr'><strong>color</strong></span> <span class='ocrx_word' id='word_1_211' title='bbox 555 2974 619 3024; x_wconf 89' lang='lat' dir='ltr'><strong>ater</strong></span> <span class='ocrx_word' id='word_1_212' title='bbox 631 2966 666 3022; x_wconf 84' lang='lat' dir='ltr'><strong>in</strong></span> <span class='ocrx_word' id='word_1_213' title='bbox 678 2963 797 3020; x_wconf 62' lang='lat' dir='ltr'><strong>citrum.</strong></span> 
     </span>
     <span class='ocr_line' id='line_1_31' title="bbox 793 3070 813 3104; baseline 0 0"><span class='ocrx_word' id='word_1_214' title='bbox 793 3070 813 3104; x_wconf 63' lang='lat' dir='ltr'>S</span> 
     </span>
    </p>
   </div>
   <div class='ocr_carea' id='block_1_4' title="bbox 0 0 920 3216">
    <p class='ocr_par' dir='ltr' id='par_1_4' title="bbox 0 0 920 3216">
     <span class='ocr_line' id='line_1_32' title="bbox 0 0 920 3216; baseline 0 4"><span class='ocrx_word' id='word_1_215' title='bbox 0 0 920 3216; x_wconf 95' lang='lat' dir='ltr'><strong> </strong></span> 
     </span>
    </p>
   </div>
  </div>
 </body>
</html>
