1748 3216
422 58 473 108 296

371 221 526 276 VO'l'UM.

84 340 191 425 Quarta
204 360 251 432 per
264 380 407 418 nemorum
420 364 497 432 nigra
510 363 627 426 silentia,

81 460 226 530 Vallesque
238 461 360 529 irriguas,
376 468 403 513 et
416 460 514 514 virides
528 461 636 522 domos,

82 556 171 624 Serpit
183 557 244 610 lons
257 557 377 625 placidus
391 573 531 610 murmure
543 557 685 626 languido,

189 653 331 706 Secretum
343 669 475 721 peragens
488 653 557 713 iter;

81 794 220 862 Paulisper
233 811 318 864 vagus
330 802 412 864 atque
425 795 539 864 exiguos
551 811 637 863 agens

83 888 242 952 Maeandros,
258 890 337 944 variis
350 907 379 944 se
392 891 483 944 sinuat
499 891 596 953 modis,

82 983 156 1036 Dum
170 985 280 1038 tandem
294 985 409 1039 celerem
423 985 591 1054 praecipitans
604 985 707 1054 fugam,

188 1078 320 1133 Miscetur
331 1080 435 1147 gremio
449 1080 546 1140 maris;

80 1220 155 1274 Talis
168 1237 215 1288 per
227 1221 336 1275 tacitam
348 1221 427 1275 devia
438 1222 563 1276 semitam

78 1316 155 1371 AEtas
167 1316 297 1386 diffugiat,
312 1335 368 1372 non
381 1317 477 1386 opibus
490 1318 587 1386 gravis,

80 1412 143 1465 Non
157 1419 268 1481 experta
279 1412 332 1466 fori
340 1413 430 1482 jurgia
442 1429 530 1475 rauca,
545 1429 597 1467 neo

187 1505 285 1562 Palmae
302 1507 482 1576 sanguineum
495 1508 596 1561 decus:

79 1648 205 1717 Cumque
217 1649 319 1703 instant
332 1651 457 1711 tenebra,
473 1648 560 1703 et'lux
573 1651 665 1704 brevis
679 1654 786 1714 occidit,

78 1745 114 1798 Et
126 1745 192 1798 ludo
205 1752 303 1807 satura,
319 1752 346 1798 et
358 1744 430 1797 sessa
441 1744 585 1805 laboribus,

79 1840 154 1894 Mors
166 1841 320 1909 longusque
332 1857 412 1908 sopor
425 1842 545 1894 membra
554 1841 676 1910 jacentia

185 1938 356 2006 componant
369 1938 472 2007 placida
483 1954 575 1990 manu.

70 2128 98 2162 ΙΝ
113 2126 243 2162 STATUAM
257 2125 477 2163 surutcuuaussu
489 2125 620 2161 turturis
634 2126 814 2164 molimensis.

139 2232 243 2285 Iussus
256 2238 380 2295 venuste,
395 2232 442 2301 qui
454 2247 544 2284 sacros
557 2230 651 2283 dulces
665 2249 750 2300 agens

254 2326 286 2379 ln
299 2326 352 2380 hoc
361 2342 472 2394 sopores
482 2341 625 2386 marmore,

165 2422 347 2476 Placidisslma
359 2423 451 2491 quiete
463 2422 629 2488 compos’tus
637 2421 722 2490 jaces,

239 2518 275 2570 Et
287 2518 388 2572 inscius
401 2517 488 2585 culpae
502 2524 530 2569 et
543 2522 642 2578 metue,

138 2612 240 2665 Somno
252 2612 357 2673 fruaris,
373 2613 453 2665 docta
464 2628 546 2681 quam
559 2611 633 2665 dedit
646 2629 745 2667 manus

226 2708 392 2777 Soulptoris;
414 2717 440 2761 et
453 2725 549 2762 somno
562 2708 652 2770 simul,

146 2858 149 2863 .
186 2816 250 2881 uem
261 2803 349 2859 nescit
362 2803 457 2856 artilex
471 2803 515 2855 vel
526 2819 568 2855 ars
582 2802 719 2870 effingere,

235 2906 240 2915 '
274 2896 605 2975 „Fruatlsluuoeeutia
