1830 3216
433 93 482 142 291

134 264 224 300 nuncu
244 263 277 299 ur
297 262 428 298 nuconuu
448 261 496 297 usr
517 260 568 296 ruo
586 259 691 295 >rernm
711 261 788 297 mort.

62 400 103 454 Ur
117 401 185 454 vidit
197 402 301 454 laceros
314 401 364 454 sibi
377 407 505 454 constans
520 399 642 468 Regulus
654 406 737 461 artus,

94 497 131 550 Et
144 498 265 551 membra
276 497 394 564 indignis
407 496 552 548 dilacerata
565 496 667 556 modis;

62 594 184 649 Membra
196 595 270 656 mihi,
288 593 431 661 Carthago,
446 593 543 660 inquit,
558 592 702 646 lacerando
716 591 860 660 triumpha,

94 691 149 744 Hic
161 690 235 752 mihi,
251 689 324 757 quod
337 689 439 742 laceres
453 688 580 749 membra,
595 687 750 756 triumphus
764 688 822 741 erit.

62 789 84 841 Α
98 795 127 840 te
140 788 213 856 quod
227 786 312 840 cecidi
325 785 442 838 multum
456 785 546 838 laetere
554 806 561 845 ;
582 786 630 838 sed
642 786 700 853 ipse

94 883 163 935 Plus
175 883 250 935 laetor
262 881 356 948 patriae
370 897 414 932 me
427 880 556 933 cecidisse
568 896 642 933 meae.

410 1078 516 1091 —

154 1229 243 1264 SUAVB
263 1227 312 1264 EST
332 1228 367 1264 Ex
388 1228 485 1265 MAGNO
505 1226 630 1264 uotum
652 1225 766 1261 Acssuvo.
838 1247 839 1250 =

62 1366 208 1418 Pannonis
222 1366 329 1434 quoties
342 1366 459 1420 redeunt
472 1366 603 1428 convivia,
619 1367 703 1434 longo

98 1460 202 1514 Ordine
214 1476 263 1528 per
275 1477 382 1515 mensas
394 1461 497 1515 fercula
508 1462 585 1530 plura
598 1461 695 1514 nitent.

62 1558 118 1611 Cur
131 1556 173 1609 his
185 1557 321 1609 accumbit
334 1557 399 1610 civis
412 1564 465 1610 tam
478 1557 575 1610 laetus‘?
594 1574 628 1610 an
641 1557 680 1610 illi

98 1655 157 1706 Aut
168 1652 277 1714 fartum,
292 1660 339 1706 aut
353 1653 452 1706 desunt
464 1661 541 1722 terga
552 1654 650 1707 bovina
663 1653 757 1706 domi?

62 1750 100 1803 At
112 1750 220 1811 fruitur,
231 1749 312 1802 simul
325 1750 462 1803 oblectans
476 1751 624 1818 oculosque
636 1751 790 1819 gulamque,

100 1847 178 1907 Quos
191 1852 218 1898 et
231 1846 295 1907 edit,
310 1862 378 1914 quos
392 1853 419 1898 et
431 1862 487 1899 non
501 1846 564 1908 edit,
581 1846 625 1898 ille
639 1845 721 1926 cibis

183 2187 399 2224 -EUTBAPELUS
412 2186 570 2226 culcunuuu
585 2184 692 2221 NOCERR
706 2183 829 2220 votum

133 2287 311 2324 VESTIMBNTA
324 2287 414 2322 DABA'I'
428 2286 570 2322 Pnurlosn.
664 2337 667 2342 Ι

63 2436 226 2488 Tuusrrms
238 2434 375 2487 invehitur
387 2434 507 2501 plaustro
520 2431 594 2485 rudis
606 2431 705 2498 hospes
718 2429 751 2482 ad
761 2430 864 2491 urbem,

99 2537 183 2589 Veste
196 2535 303 2597 decens,
319 2535 433 2602 simplex
446 2533 574 2595 moribus,
587 2549 634 2586 ore
648 2532 757 2584 rubens.

65 2633 144 2686 Hanc
156 2648 225 2685 anus
239 2631 375 2699 excipiens
388 2630 524 2692 meretrirt,
540 2630 611 2682 bona
623 2634 717 2688 mater,
732 2631 866 2694 agrestem

102 2730 210 2782 Mutare
223 2707 349 2781 ornatum
362 2726 543 2795 splendidiore
555 2731 638 2793 parat.

64 2826 90 2879 0
101 2824 196 2891 fugias,
211 2824 293 2894 longe
305 2825 396 2896 fugias
408 2823 518 2879 fallacis
530 2824 616 2885 dune,

91 2919 160 2977 Quae
172 2920 257 2976 simul
269 2923 413 2991 indueris,
430 2922 587 2996 Thespii,
597 2925 668 2976 tete
675 2911 769 2984 petin-
