1830 3216
305 452 528 504 THESTYLIS
550 452 700 512 COQUA.

102 625 200 683 Aram,
217 623 373 692 serpyllum,
391 630 535 690 rutamque
549 631 575 676 et
589 625 684 676 sectile
697 641 808 691 porrum

137 719 285 787 TlrestyliS,
301 726 328 771 et
341 719 418 785 panis
428 717 546 770 frustula
559 719 627 770 dura
639 720 745 788 coquit.

99 816 113 866 J
118 817 266 883 usculaque
279 823 309 868 ut
321 822 405 883 gustu
418 815 523 882 capiant
536 815 648 867 meliore
660 816 791 883 palatum,

136 913 261 965 Immittit
273 913 347 966 salsae
360 913 470 980 pinguia
480 919 557 979 terga
568 912 633 965 suis.

101 1011 230 1062 Rusticus
243 1010 307 1063 lrinc
319 1011 489 1063 stomachum
502 1010 631 1078 lenitque,
648 1017 676 1063 et
689 1018 795 1064 recreat
806 1016 879 1064 artusa

137 1107 209 1160 Hinc
223 1109 305 1161 corde
319 1108 422 1161 exultat
435 1123 547 1168 messor,
563 1113 590 1159 et
603 1122 651 1159 ore
664 1107 745 1160 nitet.

102 1202 126 1254 Ο
139 1203 214 1256 labor
225 1202 231 1256 l
252 1221 269 1256 o
281 1201 380 1256 sudori
401 1203 488 1256 dulcis
500 1201 625 1256 conditor
636 1201 776 1271 uterque!

137 1299 279 1368 Egregium
293 1300 379 1353 facitis
394 1300 538 1368 Thestylin
552 1316 611 1352 esse
624 1315 754 1368 coquam,

292 1788 414 1842 Rosa:
439 1789 492 1842 AD
514 1788 713 1842 STELLAM.

102 1956 228 2007 Duurcrrc
238 1957 382 2024 juvenum,
398 1957 579 2025 nympharum
592 1957 725 2009 hodierna
738 1958 862 2025 voluptas.

138 2051 211 2104 Ecce
224 2069 263 2113 ea,
279 2069 334 2119 quo
346 2053 449 2114 rubeat,
468 2052 559 2113 Stella,
574 2053 673 2104 rubore
688 2051 781 2106 Rosal

103 2148 193 2208 Stella,
210 2149 272 2201 vide
285 2156 417 2216 quantum
431 2147 502 2201 foliis
515 2147 653 2201 suffundat
666 2147 817 2202 honoreml

138 2244 263 2311 Explicet
276 2245 309 2296 ad
323 2245 408 2297 solem
423 2261 543 2312 purpura
555 2245 634 2312 quale
647 2244 752 2298 decusl

104 2341 176 2402 Cras,
195 2341 285 2401 Stella,
302 2342 455 2408 exemplum
469 2342 588 2409 pulchris
600 2341 783 2410 lacrymabile,
796 2340 894 2395 eandem

140 2441 280 2497 Arentem,
295 2437 417 2497 laceram,
434 2437 643 2504 pallidulamque
655 2436 726 2489 vide.

105 2532 194 2592 Stella,
212 2531 293 2584 Rosae
306 2532 451 2591 miserere;
474 2539 501 2583 et
515 2532 579 2584 dum
593 2531 730 2592 miserere,
747 2537 885 2589 memento,

140 2628 220 2686 Quod
234 2627 323 2679 brevis
336 2634 377 2679 est
390 2627 446 2686 avi,
462 2627 534 2693 quod
548 2634 596 2678 tua
608 2625 694 2678 forma
710 2625 784 2678 Rosa
797 2635 845 2680 est.
