1830 3216
99 110 151 160 254
371 125 484 161 canaan
504 126 635 162 oascoaa.

101 251 286 318 lmpositoque
298 250 403 303 haerere
416 250 490 310 solo;
510 251 622 304 miratus
635 250 755 311 abunde,

103 347 185 407 Quod
199 363 254 399 non
267 346 396 416 praecipiti
408 347 486 414 lapsu
498 354 573 414 petat
584 347 670 400 ardua
683 347 741 400 caeli

100 441 223 495 Pendula
235 443 315 495 turba
327 459 418 504 ruens,
433 443 609 512 subjectaque
621 442 711 496 sidera
723 443 823 510 pulset.

136 538 189 591 Hic
203 539 282 591 etiam
296 545 410 599 motum,
426 554 507 606 quem
521 545 629 591 nonest
641 555 726 591 ausus
743 539 851 607 Apelles

101 633 200 696 Moliri,
215 634 318 702 pictum
330 634 450 702 aspicias.
491 635 529 687 Ut
541 633 663 702 gramina
674 634 766 687 flabris

101 729 213 783 Summa
225 735 354 791 tremunt,
369 731 529 798 undantque
541 729 595 783 levi
606 729 762 782 sinuamine
773 726 879 783 fluctus!

101 826 210 879 Mimica
222 845 296 882 nunc
309 830 450 884 hominurn
465 829 574 898 effigies,
590 846 665 882 nunc
685 829 782 881 charta
789 827 891 880 ferarum
907 896 911 903 ¹

100 922 235 977 Mentitur
247 926 390 981 simulacra
402 928 489 981 modis
502 927 642 980 volitantia
650 925 738 979 miris.

100 1018 229 1072 Certatim
242 1030 387 1089 properant
401 1029 498 1076 tenues
511 1037 648 1075 arcessere
661 1021 740 1080 vitas,

99 1114 247 1182 Progenies
260 1117 408 1178 hodierna;
430 1125 457 1171 et
469 1117 585 1186 plurima
597 1116 680 1184 spirat
693 1115 794 1184 imago,

100 1209 269 1279 Miraturque
282 1228 367 1264 novas
379 1211 487 1273 formae,
503 1219 531 1264 et
543 1227 598 1263 non
612 1227 662 1263 sua
673 1211 808 1264 membra.

133 1306 249 1375 Jamque
259 1309 387 1376 equitem,
403 1309 508 1376 siquem
520 1308 576 1361 fors
587 1306 644 1360 huc
655 1307 808 1370 advexerit,
822 1305 883 1360 ultro

99 1401 211 1468 Arripis,
227 1401 310 1470 inque
323 1409 398 1455 tuam
412 1403 486 1471 cogis
496 1403 611 1470 migrare
623 1402 775 1464 tabernam,

99 1496 158 1548 Nec
171 1503 261 1549 tamen
275 1497 405 1565 impedias
418 1499 476 1559 iter,
487 1506 534 1551 aut
546 1498 583 1550 sis
597 1514 678 1551 causa
690 1498 823 1552 morandi
911 1550 914 1559 ,

134 1592 187 1646 Hic
199 1594 292 1647 avidos
304 1595 409 1663 pavisse
422 1595 525 1656 oculos,
541 1594 671 1662 salvoque
683 1594 792 1660 pudore

98 1687 129 1739 In
144 1696 225 1756 caput
238 1706 379 1742 excussam
391 1690 431 1742 fas
445 1697 486 1743 est
500 1689 598 1742 vidisse
611 1688 740 1756 puellam.

98 1783 136 1836 Ut
149 1784 261 1852 graciles
275 1792 350 1839 artus
363 1783 529 1839 tenuantur!
550 1791 581 1838 ut
593 1783 711 1838 ambitus
721 1785 782 1838 imae

97 1878 187 1932 Vestis
200 1880 227 1932 in
242 1881 370 1949 exiguum
385 1881 494 1933 tandem
504 1879 677 1933 concluditur
690 1880 794 1942 orbem,

99 1976 188 2036 Quam
201 1985 291 2030 tamen
304 1979 331 2031 in
345 1985 466 2047 quartam
481 1984 567 2030 sartor
579 1984 739 2044 porrexerat
752 1973 856 2030 ulnam!

98 2071 206 2124 Scilicet
218 2073 270 2125 hoc
284 2073 363 2126 etiam
377 2080 418 2126 est
431 2072 525 2126 similis
537 2072 643 2140 pictura
654 2072 761 2140 puella,

99 2168 180 2228 Quod
193 2168 267 2236 tangi
279 2175 406 2220 metuens
418 2174 591 2235 prensantem
600 2166 706 2219 lubrica
717 2166 840 2220 dextram

97 2263 219 2315 Exultim
231 2263 308 2331 sugit,
325 2265 488 2332 elusamque
500 2262 628 2330 relinquit
637 2270 784 2315 amantem.

131 2359 191 2410 Jarn
204 2359 268 2412 satis
281 2365 337 2412 est:
358 2365 462 2412 tectum
471 2358 580 2410 tandem
593 2358 641 2411 lux
654 2356 739 2410 intret
751 2363 881 2426 apertum:

97 2454 188 2506 Prisca
200 2454 270 2506 redit
280 2453 380 2506 chartae
392 2453 496 2514 albedo,
511 2453 671 2520 fluxumque
684 2451 802 2506 nitorem

96 2549 189 2610 Exuit,
205 2555 232 2601 et
242 2549 343 2601 lautam
358 2554 433 2600 tanta
444 2546 578 2615 farragine
590 2561 734 2614 pompam;

98 2647 244 2713 Gloriaque
256 2647 283 2697 in
297 2653 394 2698 tenues
408 2645 509 2712 dilapsa
521 2643 666 2697 resolvitur
678 2659 767 2697 auras.

94 2743 190 2813 Usque
201 2743 271 2797 adeo
284 2759 344 2814 quae
355 2742 404 2795 lux
414 2742 530 2794 illustrat
543 2749 645 2801 catera,
661 2746 784 2794 nostram

80 2843 225 2899 Obscurat
239 2859 368 2906 scenam,
383 2847 414 2896 et
426 2838 513 2892 nimio
524 2834 672 2888 dtinutdis
680 2849 747 2884 usu.

102 2943 157 3000 Sic
174 2948 330 3017 quondam
348 2943 498 3000 Lemures
510 2923 790 2989 suntnsninocuan
796 2925 896 2974 umam
