1830 3216
436 93 487 146 279

215 217 416 271 EPlLOGUS
436 216 704 279 AETHIOPISSAE,

274 338 310 372 AD
330 336 464 373 suanum
483 337 650 374 EUNUCHUM.

59 425 244 478 Orraoaaruu
259 427 286 479 in
299 442 390 487 sexus,
406 432 495 479 statua
507 425 664 478 taciturnior
677 426 749 492 ipsa;

95 522 132 576 Et
145 538 194 590 pro
207 539 323 592 persona
334 523 460 576 dramatis
472 524 568 575 umbra
578 522 627 575 fui.

60 617 104 671 Sic
116 625 211 672 auctor
225 619 321 680 voluit,
336 620 375 673 sic
392 618 464 672 Afrae
476 619 549 673 haud
561 620 692 672 candidus
708 618 790 679 Aion

97 714 189 775 Quam
200 732 256 768 non
270 714 435 769 humanum!
457 733 536 784 quarn
550 716 681 784 populare
693 712 805 783 paruml

65 809 136 870 Quin
149 813 259 865 tandem
272 814 420 866 adrentum
433 813 517 874 vobis,
532 813 630 866 festiva
642 829 749 874 corona,

97 906 160 974 lpsa
171 909 240 962 meis
253 909 342 962 verbis
354 909 484 978 gratulor,
499 926 546 962 ore
560 925 630 962 meo.

65 999 220 1070 Spectatum
233 1004 330 1057 vanior
351 1005 484 1072 venioque
497 1012 528 1057 ut
541 1011 646 1072 specter
660 1011 687 1056 et
699 1004 771 1072 ipsa;

100 1097 152 1153 Est
165 1101 246 1153 etiarn
258 1101 286 1153 in
299 1107 393 1154 nostro
405 1101 491 1155 multa
503 1102 594 1154 colore
609 1100 685 1154 fides.
760 1093 763 1098 ’

63 1198 111 1254 Est
123 1215 185 1251 meo
198 1198 234 1265 (si
245 1214 299 1266 qua
310 1197 377 1251 milri
389 1201 443 1266 est)
457 1199 516 1251 sine
531 1197 604 1259 fuco,
618 1197 722 1258 fraude,
738 1197 781 1250 vel
795 1203 862 1258 arte,

97 1294 198 1348 Nescia
209 1294 309 1347 mutari
320 1287 415 1357 forma,
430 1295 528 1362 suique
540 1300 631 1347 tenax.

62 1391 219 1460 Unguentis
232 1399 294 1444 utor
307 1392 397 1455 nullis,
412 1392 591 1445 medicamine
603 1391 697 1452 nullo;

99 1487 174 1549 Quid
183 1487 271 1556 juvet,
286 1487 390 1556 ignoro,
408 1486 493 1556 Regia
505 1488 592 1540 mellis
608 1504 685 1555 aqua.

62 1583 122 1637 Nec
135 1583 247 1636 maculis
260 1583 366 1636 stellata
377 1583 421 1637 hio
434 1584 616 1652 interspergor
629 1590 656 1636 et
669 1583 738 1643 illicr

98 1681 162 1733 Non
177 1680 302 1748 equidem
315 1681 391 1748 nigra
403 1681 503 1749 nigrior
517 1697 576 1733 esse
590 1680 679 1733 velim.

63 1778 144 1831 Lotio
157 1778 215 1830 sola
227 1777 293 1830 mihi
306 1784 347 1832 est
359 1779 393 1830 de
406 1794 473 1845 pura
486 1785 513 1830 et
526 1776 646 1845 simplice
658 1775 786 1846 lympha;

98 1874 135 1926 Et
149 1890 252 1936 vereor,
268 1890 348 1942 quam
362 1874 396 1927 sit
409 1890 495 1927 vanus
508 1881 535 1927 et
548 1874 599 1926 iste
611 1873 695 1926 labor.

64 1970 102 2022 At
115 1969 188 2022 nivei
200 1969 267 2022 mihi
278 1977 351 2032 sunt,
366 1970 431 2037 paeti
443 1970 502 2022 sine
513 1969 633 2037 pulvere,
650 1969 762 2028 dentes;

101 2066 190 2127 Quale
203 2082 253 2118 nec
269 2066 399 2119 ludorum
413 2066 506 2134 purius
518 2067 590 2119 albet
601 2067 678 2118 ebur.

65 2161 204 2214 Sideribus
217 2161 317 2214 similes
329 2161 434 2229 fulgere
447 2161 544 2214 videtis
558 2161 666 2222 ocellos,

102 2257 261 2324 Angliaoam
274 2264 385 2324 possent
397 2257 445 2325 qui
457 2257 585 2311 decorare
596 2272 705 2310 nurum.

66 2353 209 2407 Mollitiem
224 2354 301 2422 talpae
313 2361 443 2422 superant
456 2370 516 2407 mea
527 2354 616 2406 labra:
636 2352 705 2422 quis,
721 2353 816 2422 ecquis

101 2449 324 2518 Libabit-quam
337 2457 402 2503 sunt
415 2451 508 2502 oscula
519 2448 677 2502 mollicula?

66 2545 131 2598 Haee
143 2562 195 2612 ego
207 2545 336 2606 liberius;
357 2547 405 2598 sed
418 2545 501 2607 salvo,
516 2553 547 2597 ut
560 2561 647 2612 spero,
662 2543 784 2612 pudore:

102 2641 220 2695 Cernitis
232 2642 368 2710 ingenuus
381 2642 469 2710 signat
482 2649 513 2694 ut
526 2658 573 2693 ora
589 2639 687 2693 rubor!

66 2738 113 2792 Sin
126 2737 217 2790 minus
231 2737 373 2800 oblectem,
389 2744 430 2790 tot
441 2738 563 2790 flammas
576 2737 646 2790 inter
660 2743 688 2788 et
700 2736 776 2804 ignes
787 2758 794 2796 ;

100 2835 211 2902 (Usque
222 2834 291 2888 adeo
306 2840 348 2889 est
361 2841 463 2890 nostrae
474 2834 528 2890 lun
536 2833 653 2889 idumea
662 2832 736 2898 euin

53 2928 85 2978 Si
93 2928 193 2993 placet,
209 2933 342 3003 extingui
353 2943 472 2994 tanturn
485 2934 798 2994 mandatelueernaax

78 3020 214 3079 Protinus
229 3029 259 3084 in
273 3037 414 3096 tenebris
429 3040 528 3098 altera
539 3038 644 3095 'runs
658 3050 726 3088 ero·
