1830 3216
427 39 477 88 281

78 302 295 357 PROLOGUS
316 301 370 355 AD
394 303 588 387 TERENTII
610 303 811 383 ANDRIAM.

52 465 88 519 'J‘r
102 466 185 519 vitam
196 467 361 535 inspicerent
373 466 523 528 bominum,
538 465 704 534 propiusque
716 465 821 517 tuendo

79 561 239 614 Formarent
251 578 341 614 mores
357 561 438 614 Graia
445 561 560 629 juventa
572 576 652 619 su0s;
677 608 688 623 ,

52 655 129 716 Quod
143 655 263 708 deforme
274 655 327 708 suit
340 655 405 717 vitii,
421 656 550 708 comoedia
567 655 655 723 prisca

81 749 180 804 Coram
193 751 378 817 spectandum,
393 767 444 802 nec
458 750 516 803 sine
527 749 600 810 felle,
616 749 699 802 dedit.

52 847 130 908 Quod
142 846 278 900 mediocre
289 846 349 909 fuit,
365 846 444 899 venia
456 847 529 914 quod
543 846 659 914 dignius,
676 845 742 898 illud
779 913 780 916 Ἴ

81 943 230 1011 Descripsit
243 943 329 995 multo
343 959 420 996 musa
428 943 523 1012 jocosa
535 943 600 995 sale.

52 1040 106 1093 Nec
119 1040 199 1092 dulce
210 1039 332 1108 egregiis,
349 1057 399 1093 nec
412 1039 498 1093 defuit
511 1039 578 1092 utile
590 1039 687 1099 scenis,

84 1135 166 1196 Quod
179 1135 333 1197 delectaret,
349 1136 477 1204 quodque
489 1141 613 1188 moneret
626 1133 708 1187 idem.

52 1230 198 1283 Transtulit
210 1247 227 1282 a
241 1230 344 1283 Graecis
362 1231 494 1298 placidam
505 1229 621 1282 feliciter
632 1235 718 1281 artem

81 1325 178 1387 Roma,
193 1325 250 1393 pari
258 1325 349 1379 studio
362 1325 529 1393 consilioque
542 1324 615 1392 pari:

52 1421 185 1489 Quodque
197 1420 254 1474 suis
266 1420 355 1474 fuerat
367 1436 415 1487 per
427 1420 524 1473 saecula
536 1426 609 1472 retro
625 1418 784 1480 Menander,

82 1515 113 1568 ld
127 1530 237 1583 quoque
250 1514 380 1567 Romanis
396 1511 509 1567 Publius
524 1513 591 1566 Afer
605 1519 670 1565 erat.

52 1611 209 1680 Simplicitas
221 1611 315 1664 eadem
329 1618 370 1663 est
382 1609 524 1672 scribendi,
541 1610 690 1677 eademque
703 1615 848 1668 venustam

83 1705 158 1760 Casti
170 1711 235 1758 sunt
247 1721 342 1758 omnes
350 1704 517 1773 ingenuique
530 1704 608 1756 sales.

52 1800 190 1854 Concinna
201 1808 243 1853 est
254 1800 379 1863 brevitas,
396 1808 423 1853 et
435 1817 504 1868 pura
515 1799 609 1861 oratio,
625 1799 754 1867 quicquid

82 1895 182 1948 Dicere
195 1894 254 1947 vult
266 1910 360 1949 servos
371 1894 469 1957 fabula,
485 1894 613 1963 quicquid
625 1894 715 1947 heros.

52 1991 132 2053 Simo,
147 2007 231 2044 senex
243 1990 356 2058 pulchre
369 1991 504 2053 cordatus,
519 1990 588 2043 lenis
601 1990 630 2042 in
643 1989 682 2042 ira
694 1997 753 2051 est;

84 2085 156 2140 Cum
169 2085 251 2146 dolet,
265 2092 313 2139 aut
325 2086 457 2154 queritur,
473 2102 535 2139 cum
547 2086 720 2154 lacrymatur,
736 2085 827 2139 homo.
888 2077 889 2080 ¹

52 2180 162 2249 ingenio
172 2180 290 2249 juvenis,
306 2181 353 2249 qui
365 2181 484 2243 nomine,
501 2179 659 2248 Pamphilus
672 2181 752 2243 idem,

84 2275 162 2329 Nulli
172 2275 323 2339 hominum,
339 2276 426 2330 officio
436 2277 480 2330 vel
489 2277 597 2345 pietate,
613 2276 698 2330 deest.

52 2371 187 2424 Natumve
198 2377 246 2423 aut
257 2377 361 2439 patrem
370 2371 446 2440 juste
459 2370 625 2439 perpendite,
641 2387 698 2424 non
711 2377 753 2425 est

85 2467 173 2520 Natus
185 2467 331 2529 amabilior,
347 2467 520 2520 candidiorve
532 2474 616 2535 pater.

52 2565 118 2617 Tam
130 2565 201 2616 bene
213 2571 316 2617 morata
328 2571 377 2627 est,
394 2564 480 2617 nitido
493 2572 548 2616 tam
561 2564 640 2631 plena
652 2563 744 2631 lepore

85 2659 197 2721 Andria,
210 2674 290 2727 quam
303 2659 379 2712 vobis
392 2676 448 2712 nox
460 2658 591 2712 hodierna
603 2664 686 2726 parat.

52 2756 109 2809 Nos
120 2755 192 2809 facili
204 2755 301 2823 erigite
314 2753 346 2808 ol
367 2744 432 2818 risd,
447 2755 600 2824 plausuque
612 2754 747 2815 secundo,

75 2849 188 2901 Ludere
200 2850 247 2917 qui
258 2851 364 2920 pariter
376 2853 516 2910 discimus
529 2861 558 2909 et
569 2868 685 2922 sapere.

718 2942 802 2997 aab
