1830 3216
70 107 117 154 154
398 114 532 148 novades.

70 261 119 313 His
133 260 274 327 gathering
287 258 411 326 strength
425 275 439 308 a
453 258 550 325 dreary
563 257 624 308 ruin
639 260 758 325 spreads,

71 358 132 410 And
146 358 277 410 stubborn
291 355 356 407 oaks
369 355 440 406 bend
452 354 505 405 low
518 353 589 405 their
601 354 689 423 hoary
702 355 795 407 heads=

70 454 120 506 His
133 454 276 506 boist’rous
289 451 371 504 blasts
384 450 431 503 the
444 451 594 502 beauteous
607 466 693 517 grove
706 449 805 507 deforn,

71 552 133 602 And
147 551 204 602 dire
217 547 384 601 destruction
399 546 473 599 naits
487 562 561 613 upon
573 545 622 599 the
635 553 730 600 sturm.

367 1308 571 1363 Novnncn.

70 1500 152 1552 Prcrs
164 1515 257 1553 amans
272 1499 387 1553 Carolus
400 1499 490 1568 regale
503 1498 614 1551 excudit
627 1498 655 1551 in
668 1513 734 1551 auro

101 1594 210 1656 Votum,
226 1612 307 1664 quam
317 1595 411 1663 populi
423 1595 457 1648 sit
470 1594 521 1648 sibi
534 1611 595 1646 cara
607 1594 691 1647 salus.

70 1691 169 1743 Omnia
179 1692 308 1744 concordi
320 1692 436 1758 spondet
448 1690 537 1743 felicia
550 1706 644 1758 regno,

106 1787 195 1839 Unitoe
208 1794 238 1839 ut
251 1794 382 1848 crescant,
399 1794 426 1839 et
438 1785 613 1854 geminentur
626 1802 702 1853 opes.

70 1881 194 1936 Frustra!
215 1883 323 1936 inimica
334 1883 384 1951 piis
397 1883 486 1935 obstat
498 1882 632 1934 discordia
644 1882 723 1942 votis,

104 1979 209 2031 Irarum
220 1986 247 2031 et
259 1979 352 2031 multae
366 1978 448 2032 cladis
461 1977 553 2045 iniqua
564 1992 671 2044 parens.

69 2076 204 2136 informis
220 2092 330 2143 pauper,
345 2075 506 2142 lamellaque
519 2074 630 2135 ahenea,
646 2090 744 2132 rerum.

106 2172 218 2233 indicat,
233 2179 265 2224 ut
276 2172 358 2224 facies
372 2178 465 2223 moesta
477 2171 519 2233 sit,
535 2177 567 2223 ut
579 2170 614 2222 sit
627 2170 717 2238 inops.

70 2269 122 2320 Pro
136 2269 225 2321 Caroli
238 2269 331 2330 titulis,
346 2285 395 2336 pro
406 2268 485 2320 vultu
499 2274 526 2320 et
539 2267 656 2335 imagine
669 2284 750 2327 sacra,

106 2365 192 2417 Unica
204 2371 257 2417 stat
270 2364 369 2417 moestis
382 2365 456 2416 nuda
470 2364 595 2415 Novarca
607 2362 689 2415 notis.

70 2461 160 2513 Fatale
173 2459 343 2528 exemplumi
367 2461 458 2513 Caroli
470 2461 543 2528 quod
557 2468 621 2512 vota
634 2461 741 2520 docere,

107 2559 204 2625 Anglia
213 2559 287 2626 quod
299 2558 403 2626 nequiit
416 2557 496 2619 salva,
515 2558 648 2618 Novarea,
664 2558 752 2611 doces.
