1830 3216
268 536 403 590 CRURA
427 536 674 590 ADSCITITIA.

70 712 152 763 Hanc
165 728 233 779 puer
247 713 287 779 (et
300 712 378 780 pueri
389 719 509 766 mentem
522 727 633 780 quoque
645 710 733 778 gloria
745 707 832 776 tangit)

107 809 203 860 Artem
217 808 306 870 habet,
322 815 353 861 ut
365 825 427 861 sese
439 808 536 861 tollere
548 807 634 875 possit
648 807 735 858 humo
748 829 753 857 :

70 903 177 955 Selecta
190 920 224 955 ex
236 903 338 956 baculis
352 904 407 956 duo
419 903 492 971 ligna
504 903 618 970 abiegna
630 900 754 970 requirit,

108 999 233 1058 Quatuor
246 1000 280 1051 ad
292 999 409 1067 spatium
424 1000 520 1067 plusve
532 998 660 1050 minusve
673 997 784 1064 pedum.

71 1094 121 1146 His
135 1095 224 1155 etiam,
240 1101 271 1147 ut
285 1095 381 1148 melius
395 1095 507 1162 vestigia
518 1094 616 1156 firmet,
632 1093 736 1162 equino

106 1191 149 1242 De
162 1191 235 1242 corio
249 1191 331 1259 affigit
342 1191 423 1243 fortia
435 1192 493 1243 lora
505 1190 569 1242 duo.

73 1286 143 1346 Quae
156 1294 300 1355 postquam
314 1287 396 1340 clavis
409 1304 490 1355 supra
503 1286 625 1340 devinxit
638 1292 667 1338 et
679 1285 758 1346 infra,

108 1382 168 1448 lpse
182 1399 262 1434 suum
275 1384 389 1444 scandit,
405 1384 479 1451 quod
491 1382 638 1441 fabricavit,
654 1399 744 1450 opus:

72 1476 215 1546 cautoque
228 1478 337 1540 incedit,
352 1479 438 1546 prima
449 1479 483 1530 ad
497 1477 654 1538 tentamina,
669 1494 775 1545 gressu,

107 1573 143 1625 Et
156 1589 227 1625 nova
239 1590 302 1625 cum
316 1573 402 1625 multo
415 1590 495 1625 crura
507 1581 625 1626 tremore
638 1581 740 1626 movet.

72 1667 139 1718 Mox
152 1668 198 1720 ubi
211 1685 241 1721 se
254 1668 347 1720 didicit
359 1668 499 1720 libramine
512 1669 632 1736 pendere
641 1669 728 1736 justo,

108 1763 180 1816 Hinc
193 1764 257 1816 inde
270 1764 418 1831 intrepidos
430 1764 538 1832 fertque
551 1763 690 1832 refertque
701 1765 808 1832 gradus.

72 1859 141 1912 Saxa
153 1876 202 1927 per
215 1869 242 1913 et
255 1861 356 1928 plateas
370 1861 449 1928 largis
463 1861 521 1913 vult
534 1861 657 1928 passibus
670 1862 726 1921 ire,

109 1954 170 2014 Qua
183 1955 226 2007 via
237 1972 286 2022 per
299 1956 428 2015 medium,
444 1972 497 2023 qua
510 1956 552 2008 via
565 1956 646 2016 nulla,
662 1956 762 2009 lutum.

72 2049 142 2102 Cum
155 2051 245 2102 subito
260 2053 405 2116 (audentes
417 2052 528 2104 fortuna
540 2069 591 2104 nec
605 2069 692 2121 usque
701 2054 806 2124 juvabit

108 2146 252 2214 Prospera)
267 2148 294 2198 in
308 2148 474 2201 immundam
488 2148 667 2216 praecipitatur
680 2148 804 2201 humum.

73 2242 146 2302 Quid
158 2242 238 2295 faciat
251 2245 333 2311 patris
346 2253 480 2305 metuens,
496 2253 677 2313 metuensque
691 2242 826 2312 magistri!

109 2341 172 2400 Quo
184 2340 270 2408 fugiat
284 2342 389 2393 tunicas
402 2341 549 2408 squalidus,
565 2358 619 2401 ora,
636 2340 751 2394 manus!

73 2436 147 2496 Quin
160 2437 258 2488 iterum
271 2437 407 2498 ascendat,
422 2436 526 2504 magnis
539 2436 602 2489 licet
616 2436 723 2489 excidat
735 2437 823 2495 ausim

109 2532 137 2584 Si
149 2532 219 2584 male
232 2549 307 2584 nunc
319 2532 410 2593 fuerit,
426 2549 481 2584 non
496 2533 565 2584 male
577 2548 684 2599 semper
698 2532 758 2585 erit.

73 2627 164 2679 Altius
176 2628 203 2679 in
217 2627 312 2679 coelum
327 2626 414 2679 valido
427 2627 480 2694 pila
492 2627 578 2695 surgit
591 2628 624 2679 ab
637 2626 711 2685 ictu;

109 2723 218 2774 Gaudet
232 2729 260 2775 et
272 2739 288 2774 a
299 2722 383 2790 plagis
397 2739 483 2792 ocyus
496 2723 535 2775 ire
548 2723 668 2775 trochus.

66 2819 100 2870 In
110 2819 230 2887 geminis
244 2818 340 2874 didicit
353 2819 513 2890 quicunque
522 2819 754 2882 incederetiqnis,

92 2916 232 2976 Cruribus
247 2919 292 2975 hic
307 2919 418 2990 poterit
431 2916 524 2969 tutius
533 2914 576 2965 ire
589 2910 657 2962 suis.
