1748 3216
382 108 420 144 ns
439 109 539 146 musso.
811 93 862 141 289

62 253 215 307 Hesternas
229 269 292 305 cum
305 253 393 306 cultro
406 252 507 321 epulas,
523 257 551 304 et
562 250 660 319 pocula
672 249 759 317 poscit
770 271 776 309 ;

64 350 132 410 Quae
144 350 227 403 simul
240 349 360 411 ebiberit,
375 365 469 402 rursus
482 347 611 416 replenda
624 346 745 400 ministro

62 445 197 514 Porrigit;
219 445 263 499 hic
276 462 363 513 operae
376 462 431 498 non
444 461 527 506 vanae,
542 443 690 510 alacrisque
703 443 800 496 laboris

60 542 196 595 Praeteriti
206 542 313 595 fruetus
325 541 416 604 sumit,
433 541 586 610 Divamque
598 546 731 608 precatur,

62 640 178 694 Defiuiat
191 639 287 708 placidi
300 646 330 692 ut
344 655 483 708 nunquam
495 640 567 692 bona
578 638 655 706 copia
668 637 759 690 musti.

62 736 116 789 Hic
129 736 220 789 senior
232 735 368 797 tubulum,
382 735 459 789 locus
472 742 514 788 est
526 752 579 804 qua
591 734 730 802 proximus
742 733 806 801 igni,

62 832 123 886 Ore
136 849 244 900 gerens,
258 848 309 885 nec
322 838 437 885 ventum
449 831 547 889 hiemis
559 848 610 888 nec
621 831 722 899 frigora
733 831 816 883 sentit
830 853 835 881 :

60 929 117 982 Sed
130 929 216 990 sedet,
230 935 258 980 et
271 945 379 996 semper
390 944 543 981 memorans
555 944 636 996 quam
649 928 764 995 plurima
775 935 851 996 gesta

59 1025 99 1078 Se
111 1040 207 1092 puero,
222 1025 257 1077 de
269 1032 346 1091 peste
358 1032 405 1077 aut
418 1025 453 1077 de
466 1024 588 1077 civilibus
601 1024 690 1086 armis,

63 1119 158 1188 Usque
171 1120 245 1181 bibit,
263 1119 356 1172 Cereri
368 1120 476 1187 longam
490 1120 625 1187 debetque
639 1127 786 1173 senectam.

63 1215 126 1268 Huc
139 1232 234 1269 secum
246 1216 392 1283 antiquam,
405 1215 511 1284 quoties
524 1216 593 1269 redit
605 1215 754 1283 Hesperus,
768 1233 862 1268 urnam

62 1312 126 1365 Fert
138 1328 216 1374 anuS,
232 1312 295 1365 hinc
308 1318 383 1379 potat
396 1313 527 1365 morbosae
540 1311 633 1365 oblitat
647 1319 770 1373 senectae,

63 1409 136 1462 Hinc
148 1408 242 1461 alacris
256 1408 342 1476 posita
354 1425 419 1461 cura
432 1408 577 1460 meditatur
589 1424 694 1460 amores

62 1504 200 1565 Lascivos,
216 1510 243 1556 et
256 1520 316 1556 sese
328 1504 426 1556 iterum
440 1510 518 1571 putat
531 1520 591 1557 esse
602 1504 729 1571 puellam.

63 1601 116 1654 Hic
130 1600 231 1653 madidi
239 1600 357 1668 juvenes
373 1600 501 1653 Hibernae
513 1607 636 1668 tempore
649 1601 736 1653 noctis

60 1697 136 1751 Dant
148 1697 342 1764 incompositos
355 1704 446 1750 motus
460 1704 487 1750 et
500 1698 617 1750 earmina
629 1698 731 1759 dicunt,

61 1796 121 1850 Aut
132 1792 222 1860 lepide
235 1792 262 1844 in
276 1810 354 1846 muro
367 1793 483 1861 pingunt
496 1795 612 1847 carbone
624 1794 741 1862 figuras:

62 1890 156 1957 Atque
169 1895 264 1956 rogant
279 1888 416 1951 Cererem,
432 1896 463 1941 ut
475 1889 561 1942 latam
575 1891 726 1943 concedere
737 1906 855 1942 messem

61 1984 206 2053 Dignetur,
224 1984 330 2038 Cereris
339 1985 395 2053 jam
406 1985 462 2055 jam
475 1987 555 2038 turba
568 1986 641 2038 ebria
653 1986 734 2039 dono.

62 2083 165 2150 Saepius
176 2082 240 2144 buc,
256 2083 363 2151 quoties
376 2099 486 2157 campos
500 2090 527 2136 et
540 2100 603 2136 rura
615 2084 715 2147 revisit,

61 2180 192 2234 Formosa
204 2197 266 2233 cum
280 2188 342 2233 nata
355 2188 382 2234 et
395 2181 489 2250 pingui
503 2183 620 2251 conjuge
632 2182 720 2235 tendit

62 2276 145 2338 Civis,
161 2282 188 2328 et
201 2276 334 2329 umbrosa
346 2276 434 2329 salicis
447 2278 498 2330 sub
510 2277 632 2344 tegmine
644 2277 720 2330 lento

61 2373 217 2442 Ampullam
230 2374 316 2441 poscit
327 2396 334 2434 ;
355 2374 399 2426 cui
412 2375 477 2427 dum
489 2374 592 2427 ferrum
605 2375 732 2427 admovet
747 2375 792 2426 ille

61 2470 172 2532 Flexile,
188 2471 261 2538 quod
274 2487 368 2526 secum
382 2471 449 2524 tales
461 2470 515 2524 fert
528 2487 634 2538 semper
648 2471 675 2522 in
688 2488 763 2532 usus,

60 2566 159 2620 Evolat
171 2566 307 2636 extemplo
319 2566 462 2630 furiosum,
479 2574 514 2629 et,
530 2584 583 2635 qua
596 2568 657 2619 data
669 2575 753 2635 porta,

60 2664 227 2731 Spumosum
241 2663 357 2730 erumpit
370 2663 456 2717 vitreo
470 2664 504 2715 de
517 2680 624 2716 carcere
637 2671 758 2723 mustum
771 2686 777 2714 ε

60 2759 143 2811 Haud
157 2759 239 2819 venti,
257 2758 404 2813 La'e'rtiadae
418 2776 486 2827 quos
500 2759 596 2811 AEolus
609 2766 672 2812 utre

60 2855 185 2908 Inclusos
198 2855 318 2918 dederat,
333 2855 448 2923 strepitu
462 2855 564 2926 majore
577 2856 705 2908 ruebant.

55 2950 174 3000 Callidus
186 2950 292 3003 interea
305 2952 383 3016 civis,
399 2971 436 3008 ne
450 2955 584 3025 prouoiet
597 2971 699 3018 omne,

758 3054 778 3087 u
791 3049 810 3082 e
