1830 3216
291 108 408 144 HYMNUS
421 109 547 146 Tamus.

408 276 437 311 x.

81 352 146 406 Mea
159 353 222 416 vita,
238 353 320 406 vitam
333 354 356 406 si
368 371 455 408 meam
466 354 617 422 dignaberis

78 450 205 513 Servare,
219 450 275 512 tibi,
290 449 403 512 Jebova,
417 451 634 512 consecrabitur;

79 547 118 600 Et
130 563 212 608 mors,
225 545 319 600 futura
330 546 463 614 siquidem
476 556 518 601 est
530 564 603 601 mors
615 547 712 617 portio,

79 644 209 698 Animam
222 660 310 697 meam
323 643 372 697 tibi
384 643 435 697 soli
446 645 590 698 adunatam
604 644 685 698 dabit.

238 975 407 1032 HYMNUS
427 977 610 1033 TERTIUS.

416 1143 436 1178 1.

81 1223 195 1277 Mosms
208 1223 382 1277 resuscitatus
394 1240 411 1276 a
422 1222 563 1284 cubilibus,

81 1319 165 1372 Noxa
175 1318 323 1372 obvolutus
334 1325 409 1372 totus
422 1326 450 1372 et
462 1325 537 1371 metu
550 1319 672 1380 obrutus,

82 1416 183 1471 coram
195 1416 243 1470 ubi
254 1415 369 1469 creatori
381 1432 442 1469 meo
455 1415 551 1470 obvius
564 1415 655 1478 dabor,

83 1512 155 1574 Quis
167 1509 202 1566 oi
222 1510 346 1566 videbor!
367 1527 422 1581 quo
433 1512 539 1580 pudore
551 1510 696 1580 contegar!

411 1623 443 1660 u.

82 1705 176 1774 Siquis
188 1703 339 1759 remissioni
350 1703 439 1758 adhue
451 1710 534 1758 restat
545 1704 631 1765 locus,

83 1801 144 1854 Nec
156 1818 224 1864 sera,
239 1800 352 1854 nimium
364 1817 431 1862 sera,
446 1800 601 1868 poenitentia
613 1806 671 1860 est;

83 1896 209 1950 Labascit
221 1895 333 1950 horrore
344 1895 440 1957 anima,
456 1902 484 1949 et
496 1895 523 1948 in
536 1911 596 1949 sese
607 1893 685 1963 fugit,

83 1994 121 2048 Et
134 1995 279 2064 cogitando
290 2000 452 2063 praegravata
463 1993 616 2047 contremit.

408 2107 448 2144 111.

85 2188 156 2241 Cum
168 2194 205 2250 te,
220 2186 238 2241 J
239 2186 332 2249 ebora,
347 2186 446 2262 vesties
458 2185 613 2247 terroribus,

84 2282 130 2345 Et,
144 2299 193 2352 pro
205 2281 332 2336 tribunali
343 2282 449 2341 sedens,
463 2280 624 2335 scrutaberis

85 2379 215 2433 Omiserit
227 2393 289 2447 quae
301 2378 425 2447 quisque,
439 2393 498 2447 quae
512 2376 684 2437 commiserit,

87 2477 156 2538 Quis
168 2474 203 2530 01
225 2475 335 2529 videbor
345 2473 352 2527 1
372 2491 427 2544 quo
438 2476 543 2544 pudore
554 2472 699 2542 contegati

411 2589 447 2624 rv.

87 2671 174 2726 Menti
186 2671 235 2724 sed
247 2686 329 2739 aegrae,
344 2668 486 2722 criminum
499 2683 579 2737 quam
592 2666 710 2736 puniret,

86 2768 210 2839 Hujusce
223 2774 254 2820 tu
266 2765 411 2835 promissor
423 2782 452 2818 es
464 2763 559 2824 solatii,

86 2860 170 2926 Quod
181 2864 360 2933 lacrymarum
372 2860 460 2915 lenius
472 2858 607 2929 piaculum

85 2962 228 3016 Poenarum
240 2959 375 3013 acerbiora
387 2955 588 3033 deprecabitur.
