1830 3216
195 105 343 144 usuresuro
363 106 399 142 su
418 106 521 143 usuum.
715 91 764 142 ile

61 244 143 298 ilicet
155 251 240 299 terres
252 244 343 313 spatiis
354 244 529 308 brevioribus,
544 245 638 306 udum,

61 347 146 393 onius
157 346 232 408 putet
243 357 331 410 usque
342 341 435 394 umbos
446 347 589 409 porrectus
599 341 633 396 ud
647 340 737 403 Indos,

61 443 101 490 eut
112 436 270 505 imperium:
292 453 344 491 nec
355 437 462 505 passim,
477 443 509 490 ut
522 435 617 500 Rome,
631 435 731 505 rupinis

61 550 71 586 ι
82 532 220 595 divexius,
233 531 313 586 armis
324 549 374 587 sue
384 532 457 586 furta
468 539 570 592 tuetur.

61 647 71 685 ι
82 630 228 700 grassatrix
238 651 246 692 ς
266 630 315 684 sed
327 629 403 684 cultu
416 629 505 684 divitis
517 629 575 683 arvi

61 733 133 789 ntus,
148 725 290 795 peregrino
301 742 377 788 suro,
391 725 506 794 temque
520 725 626 779 labores

73 822 192 886 lunificoe,
206 823 305 877 vestire
317 831 346 877 et
357 839 467 892 pascere
477 829 574 893 gentes

61 921 153 990 magis,
168 937 249 990 quum
261 920 289 974 vi
300 921 411 984 nudare,
426 928 455 975 et
466 922 580 990 perdere
590 917 671 974 ferro.

62 1130 76 1167 u
88 1113 144 1175 tibi,
159 1130 177 1167 ο
189 1113 319 1168 libertatis
335 1113 517 1182 pulcherrime
528 1114 615 1176 sedes,

62 1210 153 1274 nelior,
167 1211 273 1265 nescire
284 1224 312 1264 er
323 1211 378 1265 fata
390 1219 418 1265 et
430 1211 542 1265 erimine
558 1210 660 1273 Rome,

63 1305 158 1360 udiosa
168 1306 267 1375 dupum
280 1307 426 1368 inventrix.
441 1314 468 1361 et
480 1307 592 1377 prodige
602 1323 703 1361 mensu

62 1402 118 1465 ries,
133 1409 161 1456 et
173 1402 249 1472 eopia
260 1403 341 1466 iners,
356 1403 471 1472 visuque
482 1403 564 1457 libido

62 1515 114 1561 ena,
128 1497 156 1551 in
168 1505 275 1552 tuntum
287 1515 385 1553 nervos
396 1498 555 1567 animosque
567 1498 685 1562 resolvit,

62 1611 101 1649 rer
113 1600 144 1649 ut
154 1611 265 1663 prorsus
277 1611 392 1658 morum,
406 1594 583 1664 foecundaque
596 1595 688 1664 culpe,

63 1690 210 1760 iipretiose
222 1691 345 1760 emptrix,
360 1691 521 1762 plebemque
532 1699 677 1761 putresque

63 1793 117 1856 pte,
132 1793 159 1840 et
172 1787 273 1841 discors
284 1787 373 1850 armis,
388 1794 416 1841 et
428 1788 533 1856 perditn
543 1789 620 1852 luxu,

62 1881 116 1936 erit
127 1882 223 1936 victrix
235 1882 315 1945 orbis,
330 1899 476 1952 rerumque
489 1884 582 1953 potita.
636 1895 645 1901 ”

62 2073 143 2129 uteri
168 2091 185 2128 o
197 2073 336 2144 princeps!
359 2092 411 2130 nec
422 2075 523 2130 frustra
533 2084 642 2131 assuete
654 2077 759 2132 vomri:

72 2172 240 2227 obtestamur
251 2173 475 2244 majestatemque
485 2173 622 2244 fidemque

62 2285 166 2339 zemque
178 2277 261 2333 tuam,
276 2270 410 2340 nobisque
421 2278 514 2325 averte
525 2271 658 2325 mulorum

66 2365 181 2429 faeiem
200 2367 258 2436 ipse
269 2368 337 2421 adeo
349 2369 444 2437 procul
455 2368 608 2422 ambitionis
619 2370 653 2423 ab
665 2376 753 2433 (estro,

63 2464 77 2517 n
89 2464 134 2517 vix
145 2464 215 2518 solvi
226 2464 337 2518 meritos
348 2465 456 2534 patiaris
468 2465 594 2520 honores.

63 2561 89 2614 ‚is
100 2560 146 2615 ulii
157 2578 235 2630 reges
248 2561 423 2616 dominentur
435 2563 463 2615 in
475 2562 564 2626 armis,

67 2665 116 2712 eut
128 2659 206 2712 credis
217 2674 301 2721 amor,
315 2657 426 2713 iamaeve
438 2659 532 2713 insane
543 2659 643 2728 cupido

63 2754 87 2808 ii
97 2754 166 2809 fines
177 2755 232 2809 late
244 2755 350 2824 signare
361 2755 439 2810 ruine

63 2852 90 2914 ie,
106 2858 135 2904 et
148 2852 225 2906 vacui
235 2853 346 2911 deserta
359 2857 520 2913 extendere
530 2853 635 2927 regni:

63 2945 74 2998 i
81 2954 149 3000 sunt
160 2957 244 3015 artes,
262 2953 335 3011 coelo
350 2955 386 3014 οΙ
412 2958 572 3016 carissime
584 2954 746 3026 ur’rneeus.
