1830 3216
60 495 294 552 :xis‘rnnrln
318 496 477 551 ENTIUM
499 493 850 552 INCORPOREORUM

91 633 258 688 COLLIGI
274 634 428 689 POTEST
444 634 601 690 LUMINE
617 635 802 692 NATURAE.

60 819 147 872 lirum
161 819 269 872 mortali
280 820 393 874 demens
405 821 537 888 sapientia
549 822 635 875 credit
714 829 716 831 ’

60 914 157 968 lemine
169 922 305 977 concreta,
321 923 348 969 et
361 932 432 969 coeco
442 916 543 985 jactata
554 917 677 970 tumultu

60 988 181 1078 'rincipia
193 1010 349 1064 innumeras
362 1028 452 1065 rerum
465 1012 746 1080 procudereiormas:

60 1105 118 1159 line
131 1106 247 1159 animum
260 1106 337 1175 fingit
350 1109 524 1161 nascentibus
536 1108 699 1161 insinuatam

60 1202 195 1270 {orporeaa
207 1219 316 1256 servare
329 1204 409 1266 vices,
424 1220 535 1273 unaque
548 1204 640 1272 vigere

60 1299 116 1352 {um
130 1300 268 1362 membris,
284 1317 339 1353 una
351 1301 527 1370 languentem
539 1303 605 1356 flere
617 1302 746 1370 vigorem,

60 1402 138 1462 itque
150 1396 239 1449 brevis
251 1397 350 1464 pariter
362 1398 478 1465 spatium
492 1398 636 1451 decurrere
648 1398 720 1459 vitae,
784 1408 785 1412 ’

60 1489 82 1543 tt
94 1491 177 1544 simul
188 1491 216 1545 in
229 1492 333 1545 cineres
344 1493 523 1562 primaevaque
536 1493 639 1547 semina
650 1493 728 1546 solvi.

80 1586 141 1640 Hos
153 1587 241 1649 ludos,
258 1586 383 1655 Epicure,
399 1596 480 1657 atque
493 1588 550 1642 haec
561 1587 696 1642 insomnia
708 1588 778 1641 ridet

59 1683 186 1738 nventrix
198 1685 256 1737 veri
268 1685 343 1748 ratio,
359 1685 494 1754 sedesque
506 1685 612 1739 futuras

60 1780 189 1842 tonstrat,
204 1787 418 1850 perpetuamque
431 1782 527 1835 animae
539 1789 601 1850 post
613 1780 711 1835 funera
723 1781 815 1834 vitam.

80 1877 152 1929 Nam
165 1877 188 1930 si
200 1893 334 1944 corporeae
345 1885 462 1946 pereunt
474 1894 537 1931 eum
550 1895 663 1947 corpore
675 1884 789 1940 mentes,

60 1973 126 2027 lude
139 1980 189 2037 est,
204 1975 277 2043 quod
290 1992 362 2028 eoeco
375 1975 489 2028 resoluti
500 1992 608 2029 carcere
621 1992 714 2029 manes

60 2069 141 2123 terias
153 2077 266 2122 sumunt
277 2069 385 2133 formas,
401 2078 429 2124 et
442 2071 535 2124 tenuia
547 2072 676 2134 membra,

60 2164 80 2218 :a
92 2164 194 2218 similes
206 2165 327 2219 referunt
340 2167 440 2230 vultus,
456 2175 588 2235 notasque
600 2167 721 2236 figuras?

79 2260 243 2330 Quanquam
265 2263 365 2315 etenim
391 2263 503 2316 ridenda
524 2271 627 2331 putem,
644 2252 711 2332 'quae
735 2264 841 2317 sumnia

150 2372 266 2425 cunque,

60 2451 164 2504 {redula
175 2460 265 2505 narrat
276 2470 345 2507 anus
358 2453 489 2508 tremulos
501 2456 535 2509 ad
546 2454 676 2523 lampadis
686 2456 770 2524 ignes,

60 2548 116 2601 tum
129 2554 224 2602 noctes
236 2549 364 2616 produxit
377 2550 472 2613 hieme,
487 2552 620 2620 puerique
632 2559 781 2605 trementes

60 2642 178 2696 nformes
191 2651 318 2698 metuunt
331 2647 447 2706 umbras,
462 2647 640 2716 simulataque
653 2653 781 2709 monstra,

60 2737 79 2790 :t
92 2737 161 2790 latos
172 2738 256 2791 rietus
268 2740 419 2811 oculosque
434 2742 556 2799 immane
568 2742 730 2800 micantest

60 2845 108 2894 epe
120 2838 209 2884 tamen
221 2834 371 2893 simulacra
384 2844 480 2898 modis
496 2843 641 2914 pallentia
651 2841 740 2896 miris
