<?xml version="1.0" encoding="UTF-8"?>
<!DOCTYPE html PUBLIC "-//W3C//DTD XHTML 1.0 Transitional//EN"
    "http://www.w3.org/TR/xhtml1/DTD/xhtml1-transitional.dtd">
<html xmlns="http://www.w3.org/1999/xhtml" xml:lang="en" lang="en">
 <head>
  <title>
</title>
<meta http-equiv="Content-Type" content="text/html;charset=utf-8" />
  <meta name='ocr-system' content='tesseract 3.04.00' />
  <meta name='ocr-capabilities' content='ocr_page ocr_carea ocr_par ocr_line ocrx_word'/>
</head>
<body>
  <div class='ocr_page' id='page_1' title='image "./poeticalworksla00bourgoog_0305.png"; bbox 0 0 1830 3216; ppageno 0'>
   <div class='ocr_carea' id='block_1_1' title="bbox 199 463 751 520">
    <p class='ocr_par' dir='ltr' id='par_1_1' title="bbox 199 463 751 520">
     <span class='ocr_line' id='line_1_1' title="bbox 199 463 751 520; baseline -0.004 -2"><span class='ocrx_word' id='word_1_1' title='bbox 199 464 403 520; x_wconf 83' lang='lat' dir='ltr'>EPlLOGUS</span> <span class='ocrx_word' id='word_1_2' title='bbox 429 463 483 517; x_wconf 85' lang='lat' dir='ltr'>AD</span> <span class='ocrx_word' id='word_1_3' title='bbox 504 463 751 517; x_wconf 82' lang='lat' dir='ltr'><strong>EUNUCHUM.</strong></span> 
     </span>
    </p>
   </div>
   <div class='ocr_carea' id='block_1_2' title="bbox 69 649 851 2739">
    <p class='ocr_par' dir='ltr' id='par_1_2' title="bbox 69 649 738 815">
     <span class='ocr_line' id='line_1_2' title="bbox 69 649 738 712; baseline -0.001 -7"><span class='ocrx_word' id='word_1_4' title='bbox 69 654 111 705; x_wconf 85' lang='lat' dir='ltr'>Eu</span> <span class='ocrx_word' id='word_1_5' title='bbox 124 651 130 705; x_wconf 90' lang='lat' dir='ltr'>l</span> <span class='ocrx_word' id='word_1_6' title='bbox 150 653 246 706; x_wconf 83' lang='lat' dir='ltr'><strong>adsum</strong></span> <span class='ocrx_word' id='word_1_7' title='bbox 260 651 336 704; x_wconf 91' lang='lat' dir='ltr'>miles</span> <span class='ocrx_word' id='word_1_8' title='bbox 350 649 634 702; x_wconf 79' lang='lat' dir='ltr'>veteranus-inutilis</span> <span class='ocrx_word' id='word_1_9' title='bbox 647 650 738 712; x_wconf 84' lang='lat' dir='ltr'>armis,</span> 
     </span>
     <span class='ocr_line' id='line_1_3' title="bbox 105 745 719 815; baseline -0.003 -15"><span class='ocrx_word' id='word_1_10' title='bbox 105 748 159 801; x_wconf 90' lang='lat' dir='ltr'>Sed</span> <span class='ocrx_word' id='word_1_11' title='bbox 173 747 231 815; x_wconf 87' lang='lat' dir='ltr'>regi</span> <span class='ocrx_word' id='word_1_12' title='bbox 244 754 271 799; x_wconf 88' lang='lat' dir='ltr'>et</span> <span class='ocrx_word' id='word_1_13' title='bbox 284 746 374 814; x_wconf 81' lang='lat' dir='ltr'>patriae</span> <span class='ocrx_word' id='word_1_14' title='bbox 385 745 464 807; x_wconf 86' lang='lat' dir='ltr'>fidus,</span> <span class='ocrx_word' id='word_1_15' title='bbox 480 752 511 798; x_wconf 87' lang='lat' dir='ltr'>ut</span> <span class='ocrx_word' id='word_1_16' title='bbox 524 762 619 814; x_wconf 89' lang='lat' dir='ltr'>usque,</span> <span class='ocrx_word' id='word_1_17' title='bbox 635 763 719 799; x_wconf 78' lang='lat' dir='ltr'>meae:</span> 
     </span>
    </p>

    <p class='ocr_par' dir='ltr' id='par_1_3' title="bbox 71 841 789 1008">
     <span class='ocr_line' id='line_1_4' title="bbox 71 841 666 912; baseline -0.005 -16"><span class='ocrx_word' id='word_1_18' title='bbox 71 844 162 904; x_wconf 86' lang='lat' dir='ltr'>Quem</span> <span class='ocrx_word' id='word_1_19' title='bbox 174 843 258 912; x_wconf 85' lang='lat' dir='ltr'>magis</span> <span class='ocrx_word' id='word_1_20' title='bbox 271 843 358 895; x_wconf 87' lang='lat' dir='ltr'>aurati</span> <span class='ocrx_word' id='word_1_21' title='bbox 370 842 451 895; x_wconf 88' lang='lat' dir='ltr'>rutilo</span> <span class='ocrx_word' id='word_1_22' title='bbox 463 841 570 909; x_wconf 86' lang='lat' dir='ltr'><strong>fulgore</strong></span> <span class='ocrx_word' id='word_1_23' title='bbox 581 842 666 910; x_wconf 89' lang='lat' dir='ltr'>galeri</span> 
     </span>
     <span class='ocr_line' id='line_1_5' title="bbox 105 939 789 1008; baseline 0 -16"><span class='ocrx_word' id='word_1_24' title='bbox 105 939 285 993; x_wconf 83' lang='lat' dir='ltr'>Commendat</span> <span class='ocrx_word' id='word_1_25' title='bbox 298 940 420 992; x_wconf 85' lang='lat' dir='ltr'>validum</span> <span class='ocrx_word' id='word_1_26' title='bbox 430 956 485 1001; x_wconf 90' lang='lat' dir='ltr'>cor,</span> <span class='ocrx_word' id='word_1_27' title='bbox 500 939 677 1008; x_wconf 86' lang='lat' dir='ltr'>lepidumque</span> <span class='ocrx_word' id='word_1_28' title='bbox 690 947 789 1008; x_wconf 77' lang='lat' dir='ltr'>caputz</span> 
     </span>
    </p>

    <p class='ocr_par' dir='ltr' id='par_1_4' title="bbox 71 1034 817 1199">
     <span class='ocr_line' id='line_1_6' title="bbox 71 1034 817 1104; baseline 0.001 -17"><span class='ocrx_word' id='word_1_29' title='bbox 71 1037 160 1096; x_wconf 82' lang='lat' dir='ltr'><strong>Quem</strong></span> <span class='ocrx_word' id='word_1_30' title='bbox 177 1035 250 1088; x_wconf 86' lang='lat' dir='ltr'>Mars</span> <span class='ocrx_word' id='word_1_31' title='bbox 263 1036 482 1089; x_wconf 71' lang='lat' dir='ltr'>truncavit-sed</span> <span class='ocrx_word' id='word_1_32' title='bbox 495 1035 540 1088; x_wconf 89' lang='lat' dir='ltr'>cui</span> <span class='ocrx_word' id='word_1_33' title='bbox 556 1034 681 1088; x_wconf 87' lang='lat' dir='ltr'>Chelscia</span> <span class='ocrx_word' id='word_1_34' title='bbox 693 1036 817 1104; x_wconf 82' lang='lat' dir='ltr'>rependit</span> 
     </span>
     <span class='ocr_line' id='line_1_7' title="bbox 104 1130 712 1199; baseline 0.003 -17"><span class='ocrx_word' id='word_1_35' title='bbox 104 1131 141 1184; x_wconf 88' lang='lat' dir='ltr'>Et</span> <span class='ocrx_word' id='word_1_36' title='bbox 154 1131 264 1184; x_wconf 85' lang='lat' dir='ltr'>mutilos</span> <span class='ocrx_word' id='word_1_37' title='bbox 277 1139 352 1184; x_wconf 91' lang='lat' dir='ltr'>artus</span> <span class='ocrx_word' id='word_1_38' title='bbox 366 1139 393 1184; x_wconf 90' lang='lat' dir='ltr'>et</span> <span class='ocrx_word' id='word_1_39' title='bbox 406 1131 472 1183; x_wconf 90' lang='lat' dir='ltr'>mihi</span> <span class='ocrx_word' id='word_1_40' title='bbox 484 1130 613 1199; x_wconf 87' lang='lat' dir='ltr'>quicquid</span> <span class='ocrx_word' id='word_1_41' title='bbox 625 1131 712 1184; x_wconf 85' lang='lat' dir='ltr'>abest.</span> 
     </span>
    </p>

    <p class='ocr_par' dir='ltr' id='par_1_5' title="bbox 70 1226 851 1397">
     <span class='ocr_line' id='line_1_8' title="bbox 70 1226 851 1305; baseline 0.003 -20"><span class='ocrx_word' id='word_1_42' title='bbox 70 1232 135 1286; x_wconf 88' lang='lat' dir='ltr'>Pars</span> <span class='ocrx_word' id='word_1_43' title='bbox 149 1249 199 1301; x_wconf 85' lang='lat' dir='ltr'>ego</span> <span class='ocrx_word' id='word_1_44' title='bbox 212 1250 293 1301; x_wconf 90' lang='lat' dir='ltr'>parva</span> <span class='ocrx_word' id='word_1_45' title='bbox 305 1233 443 1286; x_wconf 87' lang='lat' dir='ltr'>mei-sed</span> <span class='ocrx_word' id='word_1_46' title='bbox 456 1250 517 1286; x_wconf 90' lang='lat' dir='ltr'>sum</span> <span class='ocrx_word' id='word_1_47' title='bbox 530 1229 619 1285; x_wconf 85' lang='grc' dir='ltr'>πλέον</span> <span class='ocrx_word' id='word_1_48' title='bbox 632 1226 721 1305; x_wconf 82' lang='grc' dir='ltr'>ἥμισυ</span> <span class='ocrx_word' id='word_1_49' title='bbox 735 1227 851 1296; x_wconf 72' lang='grc' dir='ltr'>παντόςς</span> 
     </span>
     <span class='ocr_line' id='line_1_9' title="bbox 106 1329 649 1397; baseline 0 -14"><span class='ocrx_word' id='word_1_50' title='bbox 106 1329 231 1383; x_wconf 83' lang='lat' dir='ltr'>Sanctior</span> <span class='ocrx_word' id='word_1_51' title='bbox 244 1337 285 1382; x_wconf 88' lang='lat' dir='ltr'>est</span> <span class='ocrx_word' id='word_1_52' title='bbox 297 1329 371 1382; x_wconf 84' lang='lat' dir='ltr'>salva</span> <span class='ocrx_word' id='word_1_53' title='bbox 383 1346 464 1397; x_wconf 85' lang='lat' dir='ltr'>parva</span> <span class='ocrx_word' id='word_1_54' title='bbox 473 1331 571 1384; x_wconf 83' lang='lat' dir='ltr'>tabella</span> <span class='ocrx_word' id='word_1_55' title='bbox 583 1337 649 1384; x_wconf 85' lang='lat' dir='ltr'>rate.</span> 
     </span>
    </p>

    <p class='ocr_par' dir='ltr' id='par_1_6' title="bbox 70 1424 775 1583">
     <span class='ocr_line' id='line_1_10' title="bbox 70 1424 775 1495; baseline 0.004 -18"><span class='ocrx_word' id='word_1_56' title='bbox 70 1425 188 1477; x_wconf 82' lang='lat' dir='ltr'>Lumine</span> <span class='ocrx_word' id='word_1_57' title='bbox 200 1424 315 1478; x_wconf 86' lang='lat' dir='ltr'>suffosso</span> <span class='ocrx_word' id='word_1_58' title='bbox 327 1424 420 1478; x_wconf 91' lang='lat' dir='ltr'>luscus</span> <span class='ocrx_word' id='word_1_59' title='bbox 432 1446 438 1485; x_wconf 89' lang='lat'><strong>;</strong></span> <span class='ocrx_word' id='word_1_60' title='bbox 456 1427 504 1480; x_wconf 92' lang='lat' dir='ltr'>sed</span> <span class='ocrx_word' id='word_1_61' title='bbox 515 1434 542 1479; x_wconf 89' lang='lat' dir='ltr'>et</span> <span class='ocrx_word' id='word_1_62' title='bbox 558 1427 695 1480; x_wconf 79' lang='lat' dir='ltr'>Hannibal</span> <span class='ocrx_word' id='word_1_63' title='bbox 708 1428 775 1495; x_wconf 85' lang='lat' dir='ltr'>ipse,</span> 
     </span>
     <span class='ocr_line' id='line_1_11' title="bbox 107 1520 718 1583; baseline 0.005 -10"><span class='ocrx_word' id='word_1_64' title='bbox 107 1521 196 1580; x_wconf 82' lang='lat' dir='ltr'>Quem</span> <span class='ocrx_word' id='word_1_65' title='bbox 212 1520 299 1574; x_wconf 88' lang='lat' dir='ltr'>Roma</span> <span class='ocrx_word' id='word_1_66' title='bbox 311 1520 446 1583; x_wconf 82' lang='lat' dir='ltr'>horrebat,</span> <span class='ocrx_word' id='word_1_67' title='bbox 462 1522 499 1574; x_wconf 88' lang='lat' dir='ltr'>sic</span> <span class='ocrx_word' id='word_1_68' title='bbox 513 1523 637 1576; x_wconf 83' lang='lat' dir='ltr'>oculatus</span> <span class='ocrx_word' id='word_1_69' title='bbox 650 1530 718 1576; x_wconf 89' lang='lat' dir='ltr'>erat.</span> 
     </span>
    </p>

    <p class='ocr_par' dir='ltr' id='par_1_7' title="bbox 70 1617 790 1775">
     <span class='ocr_line' id='line_1_12' title="bbox 70 1617 790 1686; baseline 0.004 -16"><span class='ocrx_word' id='word_1_70' title='bbox 70 1618 133 1670; x_wconf 92' lang='lat' dir='ltr'>Uno</span> <span class='ocrx_word' id='word_1_71' title='bbox 146 1634 224 1670; x_wconf 92' lang='lat' dir='ltr'>crure</span> <span class='ocrx_word' id='word_1_72' title='bbox 237 1617 333 1679; x_wconf 88' lang='lat' dir='ltr'>minor,</span> <span class='ocrx_word' id='word_1_73' title='bbox 343 1617 391 1670; x_wconf 93' lang='lat' dir='ltr'>sed</span> <span class='ocrx_word' id='word_1_74' title='bbox 404 1635 483 1672; x_wconf 90' lang='lat' dir='ltr'>crure</span> <span class='ocrx_word' id='word_1_75' title='bbox 495 1619 641 1686; x_wconf 85' lang='lat' dir='ltr'>superstite</span> <span class='ocrx_word' id='word_1_76' title='bbox 653 1619 682 1671; x_wconf 91' lang='lat' dir='ltr'>in</span> <span class='ocrx_word' id='word_1_77' title='bbox 694 1620 790 1681; x_wconf 86' lang='lat' dir='ltr'>altum,</span> 
     </span>
     <span class='ocr_line' id='line_1_13' title="bbox 106 1713 626 1775; baseline 0.002 -10"><span class='ocrx_word' id='word_1_78' title='bbox 106 1713 197 1766; x_wconf 85' lang='lat' dir='ltr'>Altius</span> <span class='ocrx_word' id='word_1_79' title='bbox 209 1720 241 1765; x_wconf 89' lang='lat' dir='ltr'>ut</span> <span class='ocrx_word' id='word_1_80' title='bbox 250 1729 340 1775; x_wconf 86' lang='lat' dir='ltr'>nemo,</span> <span class='ocrx_word' id='word_1_81' title='bbox 355 1714 512 1767; x_wconf 86' lang='lat' dir='ltr'>subsiluisse</span> <span class='ocrx_word' id='word_1_82' title='bbox 525 1714 626 1767; x_wconf 86' lang='lat' dir='ltr'>valeus.</span> 
     </span>
    </p>

    <p class='ocr_par' dir='ltr' id='par_1_8' title="bbox 70 1809 797 1974">
     <span class='ocr_line' id='line_1_14' title="bbox 70 1809 797 1874; baseline 0.007 -14"><span class='ocrx_word' id='word_1_83' title='bbox 70 1809 129 1861; x_wconf 92' lang='lat' dir='ltr'>Nec</span> <span class='ocrx_word' id='word_1_84' title='bbox 141 1809 233 1862; x_wconf 82' lang='lat' dir='ltr'>fractis</span> <span class='ocrx_word' id='word_1_85' title='bbox 246 1809 289 1861; x_wconf 89' lang='lat' dir='ltr'>vel</span> <span class='ocrx_word' id='word_1_86' title='bbox 301 1809 389 1862; x_wconf 90' lang='lat' dir='ltr'>adhuc</span> <span class='ocrx_word' id='word_1_87' title='bbox 402 1810 497 1863; x_wconf 90' lang='lat' dir='ltr'>animis</span> <span class='ocrx_word' id='word_1_88' title='bbox 508 1831 515 1870; x_wconf 90' lang='lat'>;</span> <span class='ocrx_word' id='word_1_89' title='bbox 536 1810 583 1863; x_wconf 90' lang='lat' dir='ltr'>sed</span> <span class='ocrx_word' id='word_1_90' title='bbox 602 1817 734 1865; x_wconf 89' lang='lat' dir='ltr'>strenuus</span> <span class='ocrx_word' id='word_1_91' title='bbox 743 1812 797 1874; x_wconf 84' lang='lat' dir='ltr'>illa,</span> 
     </span>
     <span class='ocr_line' id='line_1_15' title="bbox 107 1903 750 1974; baseline 0.006 -19"><span class='ocrx_word' id='word_1_92' title='bbox 107 1903 174 1963; x_wconf 90' lang='lat' dir='ltr'>Quae</span> <span class='ocrx_word' id='word_1_93' title='bbox 187 1910 319 1971; x_wconf 88' lang='lat' dir='ltr'>superest,</span> <span class='ocrx_word' id='word_1_94' title='bbox 336 1904 424 1957; x_wconf 87' lang='lat' dir='ltr'>audax</span> <span class='ocrx_word' id='word_1_95' title='bbox 437 1904 644 1974; x_wconf 89' lang='lat' dir='ltr'>intrepidusque</span> <span class='ocrx_word' id='word_1_96' title='bbox 656 1922 750 1960; x_wconf 88' lang='lat' dir='ltr'>manu.</span> 
     </span>
    </p>

    <p class='ocr_par' dir='ltr' id='par_1_9' title="bbox 72 1998 820 2155">
     <span class='ocr_line' id='line_1_16' title="bbox 72 1998 820 2068; baseline 0.008 -17"><span class='ocrx_word' id='word_1_97' title='bbox 72 1998 145 2059; x_wconf 87' lang='lat' dir='ltr'>Quid</span> <span class='ocrx_word' id='word_1_98' title='bbox 157 2016 222 2052; x_wconf 89' lang='lat' dir='ltr'>vero</span> <span class='ocrx_word' id='word_1_99' title='bbox 235 1999 276 2052; x_wconf 86' lang='lat' dir='ltr'>his</span> <span class='ocrx_word' id='word_1_100' title='bbox 288 2000 376 2068; x_wconf 88' lang='lat' dir='ltr'>majus</span> <span class='ocrx_word' id='word_1_101' title='bbox 386 2001 459 2054; x_wconf 89' lang='lat' dir='ltr'>dabit</span> <span class='ocrx_word' id='word_1_102' title='bbox 472 2001 524 2054; x_wconf 88' lang='lat' dir='ltr'>iste</span> <span class='ocrx_word' id='word_1_103' title='bbox 537 2002 704 2056; x_wconf 89' lang='lat' dir='ltr'>domesticus</span> <span class='ocrx_word' id='word_1_104' title='bbox 717 2003 820 2058; x_wconf 78' lang='lat' dir='ltr'>heros?</span> 
     </span>
     <span class='ocr_line' id='line_1_17' title="bbox 107 2093 767 2155; baseline 0.009 -8"><span class='ocrx_word' id='word_1_105' title='bbox 107 2094 181 2155; x_wconf 91' lang='lat' dir='ltr'>Quid</span> <span class='ocrx_word' id='word_1_106' title='bbox 193 2095 280 2148; x_wconf 89' lang='lat' dir='ltr'>simile</span> <span class='ocrx_word' id='word_1_107' title='bbox 293 2096 334 2150; x_wconf 88' lang='lat' dir='ltr'>his</span> <span class='ocrx_word' id='word_1_108' title='bbox 348 2097 424 2150; x_wconf 90' lang='lat' dir='ltr'>miles</span> <span class='ocrx_word' id='word_1_109' title='bbox 435 2098 559 2150; x_wconf 89' lang='lat' dir='ltr'>scenicus</span> <span class='ocrx_word' id='word_1_110' title='bbox 571 2098 623 2151; x_wconf 87' lang='lat' dir='ltr'>iste</span> <span class='ocrx_word' id='word_1_111' title='bbox 631 2093 767 2153; x_wconf 78' lang='lat' dir='ltr'>Thraso?</span> 
     </span>
    </p>

    <p class='ocr_par' dir='ltr' id='par_1_10' title="bbox 70 2190 724 2358">
     <span class='ocr_line' id='line_1_18' title="bbox 70 2190 724 2260; baseline 0.006 -18"><span class='ocrx_word' id='word_1_112' title='bbox 70 2190 146 2242; x_wconf 86' lang='lat' dir='ltr'>illius</span> <span class='ocrx_word' id='word_1_113' title='bbox 159 2190 186 2242; x_wconf 90' lang='lat' dir='ltr'>in</span> <span class='ocrx_word' id='word_1_114' title='bbox 199 2191 297 2258; x_wconf 90' lang='lat' dir='ltr'>plumis</span> <span class='ocrx_word' id='word_1_115' title='bbox 311 2192 458 2260; x_wconf 87' lang='lat' dir='ltr'>tunicaque</span> <span class='ocrx_word' id='word_1_116' title='bbox 471 2200 513 2246; x_wconf 91' lang='lat' dir='ltr'>est</span> <span class='ocrx_word' id='word_1_117' title='bbox 526 2192 606 2245; x_wconf 87' lang='lat' dir='ltr'>unica</span> <span class='ocrx_word' id='word_1_118' title='bbox 618 2193 706 2246; x_wconf 88' lang='lat' dir='ltr'>virtus</span> <span class='ocrx_word' id='word_1_119' title='bbox 717 2216 724 2255; x_wconf 90' lang='lat'>;</span> 
     </span>
     <span class='ocr_line' id='line_1_19' title="bbox 106 2287 697 2358; baseline 0.008 -19"><span class='ocrx_word' id='word_1_120' title='bbox 106 2287 203 2340; x_wconf 90' lang='lat' dir='ltr'>Omnis</span> <span class='ocrx_word' id='word_1_121' title='bbox 216 2288 243 2340; x_wconf 93' lang='lat' dir='ltr'>in</span> <span class='ocrx_word' id='word_1_122' title='bbox 256 2289 337 2342; x_wconf 80' lang='lat' dir='ltr'>illaeso</span> <span class='ocrx_word' id='word_1_123' title='bbox 353 2307 467 2358; x_wconf 88' lang='lat' dir='ltr'>corpore</span> <span class='ocrx_word' id='word_1_124' title='bbox 480 2296 587 2343; x_wconf 87' lang='lat' dir='ltr'>constat</span> <span class='ocrx_word' id='word_1_125' title='bbox 600 2290 697 2344; x_wconf 88' lang='lat' dir='ltr'>honor.</span> 
     </span>
    </p>

    <p class='ocr_par' dir='ltr' id='par_1_11' title="bbox 70 2381 823 2547">
     <span class='ocr_line' id='line_1_20' title="bbox 70 2381 823 2452; baseline 0.009 -18"><span class='ocrx_word' id='word_1_126' title='bbox 70 2381 211 2435; x_wconf 87' lang='lat' dir='ltr'>Pulchrior</span> <span class='ocrx_word' id='word_1_127' title='bbox 219 2382 246 2434; x_wconf 91' lang='lat' dir='ltr'>in</span> <span class='ocrx_word' id='word_1_128' title='bbox 259 2384 355 2451; x_wconf 90' lang='lat' dir='ltr'>pannis</span> <span class='ocrx_word' id='word_1_129' title='bbox 365 2401 409 2437; x_wconf 92' lang='lat' dir='ltr'>me</span> <span class='ocrx_word' id='word_1_130' title='bbox 421 2385 507 2452; x_wconf 88' lang='lat' dir='ltr'>gloria</span> <span class='ocrx_word' id='word_1_131' title='bbox 518 2386 617 2446; x_wconf 89' lang='lat' dir='ltr'>vestit;</span> <span class='ocrx_word' id='word_1_132' title='bbox 638 2392 665 2438; x_wconf 90' lang='lat' dir='ltr'>et</span> <span class='ocrx_word' id='word_1_133' title='bbox 678 2386 732 2440; x_wconf 88' lang='lat' dir='ltr'>hoc</span> <span class='ocrx_word' id='word_1_134' title='bbox 744 2403 823 2451; x_wconf 73' lang='lat' dir='ltr'>crus·</span> 
     </span>
     <span class='ocr_line' id='line_1_21' title="bbox 108 2477 769 2547; baseline 0.009 -18"><span class='ocrx_word' id='word_1_135' title='bbox 108 2477 173 2530; x_wconf 84' lang='lat' dir='ltr'>Haec</span> <span class='ocrx_word' id='word_1_136' title='bbox 185 2493 291 2540; x_wconf 85' lang='lat' dir='ltr'>manus,</span> <span class='ocrx_word' id='word_1_137' title='bbox 305 2477 350 2532; x_wconf 91' lang='lat' dir='ltr'>hic</span> <span class='ocrx_word' id='word_1_138' title='bbox 363 2479 467 2541; x_wconf 91' lang='lat' dir='ltr'>oculus,</span> <span class='ocrx_word' id='word_1_139' title='bbox 483 2480 597 2547; x_wconf 91' lang='lat' dir='ltr'>duplicis</span> <span class='ocrx_word' id='word_1_140' title='bbox 610 2480 696 2534; x_wconf 79' lang='lat' dir='ltr'>instar</span> <span class='ocrx_word' id='word_1_141' title='bbox 709 2481 769 2535; x_wconf 89' lang='lat' dir='ltr'>erit.</span> 
     </span>
    </p>

    <p class='ocr_par' dir='ltr' id='par_1_12' title="bbox 73 2573 745 2739">
     <span class='ocr_line' id='line_1_22' title="bbox 73 2573 745 2644; baseline 0.009 -20"><span class='ocrx_word' id='word_1_142' title='bbox 73 2573 135 2632; x_wconf 93' lang='lat' dir='ltr'>Quo</span> <span class='ocrx_word' id='word_1_143' title='bbox 148 2589 192 2626; x_wconf 90' lang='lat' dir='ltr'>me</span> <span class='ocrx_word' id='word_1_144' title='bbox 205 2574 356 2642; x_wconf 81' lang='lat' dir='ltr'>excepistis,</span> <span class='ocrx_word' id='word_1_145' title='bbox 372 2592 420 2628; x_wconf 87' lang='lat' dir='ltr'>vos</span> <span class='ocrx_word' id='word_1_146' title='bbox 434 2573 467 2628; x_wconf 81' lang='lat' dir='ltr'>o!</span> <span class='ocrx_word' id='word_1_147' title='bbox 489 2575 616 2629; x_wconf 87' lang='lat' dir='ltr'>dimittite</span> <span class='ocrx_word' id='word_1_148' title='bbox 629 2577 725 2644; x_wconf 85' lang='lat' dir='ltr'>plausu</span> <span class='ocrx_word' id='word_1_149' title='bbox 737 2599 745 2637; x_wconf 86' lang='lat'>;</span> 
     </span>
     <span class='ocr_line' id='line_1_23' title="bbox 105 2669 617 2739; baseline 0.006 -18"><span class='ocrx_word' id='word_1_150' title='bbox 105 2669 142 2721; x_wconf 87' lang='lat' dir='ltr'>Et</span> <span class='ocrx_word' id='word_1_151' title='bbox 155 2670 221 2723; x_wconf 89' lang='lat' dir='ltr'>mihi</span> <span class='ocrx_word' id='word_1_152' title='bbox 231 2670 338 2724; x_wconf 85' lang='lat' dir='ltr'>felicem</span> <span class='ocrx_word' id='word_1_153' title='bbox 350 2672 475 2739; x_wconf 89' lang='lat' dir='ltr'>plausero</span> <span class='ocrx_word' id='word_1_154' title='bbox 488 2672 617 2725; x_wconf 83' lang='lat' dir='ltr'>militiam.</span> 
     </span>
    </p>
   </div>
   <div class='ocr_carea' id='block_1_3' title="bbox 0 0 927 3216">
    <p class='ocr_par' dir='ltr' id='par_1_13' title="bbox 0 0 927 3216">
     <span class='ocr_line' id='line_1_24' title="bbox 0 0 927 3216; baseline 0 0"><span class='ocrx_word' id='word_1_155' title='bbox 0 0 927 3216; x_wconf 95' lang='lat' dir='ltr'> </span> 
     </span>
    </p>
   </div>
  </div>
 </body>
</html>
