1830 3216
319 118 386 154 usos
404 118 615 159 concursatum.
815 101 866 155 247

50 255 228 328 Lymphatis
240 255 340 308 similes
352 255 508 308 discurrunt
520 254 641 322 undique
654 254 794 322 nymphae;

95 351 226 406 Occulta
237 350 265 403 in
279 349 346 403 cella
358 365 465 417 quaque
478 356 624 416 precantur
637 365 715 400 arius.

55 451 176 503 Interea
187 455 368 509 astronomus,
384 447 494 514 specula
506 448 662 499 observator
675 447 702 497 in
715 447 776 506 alta,

98 544 207 597 Rerum
220 543 275 596 haeo
287 559 384 596 securo
396 548 506 608 pectore
518 549 639 594 monstra
652 541 724 593 videt
736 564 741 592 :

57 641 175 696 Scilicet
188 639 244 693 haec
257 639 370 707 longum
383 645 563 705 praesenserat
577 637 621 690 ille
633 637 741 689 lutura:

101 737 134 790 ln
148 743 255 790 tantum
268 737 367 789 distant
380 734 477 803 vulgus
491 741 518 786 et
530 740 721 798 astronomus„

255 1263 352 1316 USUS
375 1259 687 1323 QUADRIGARUM.

65 1468 97 1520 ln
119 1483 202 1520 curru
215 1470 339 1521 conduco
351 1470 451 1529 locum,
467 1468 573 1521 visurus
586 1469 711 1528 amicum,

104 1563 189 1615 Millic
201 1563 248 1631 qui
261 1564 350 1616 decies
364 1564 444 1616 distat
456 1564 489 1616 ab
502 1565 569 1616 urbe
580 1579 679 1615 novem

65 1658 214 1726 Impatiens
226 1659 319 1727 auriga
331 1676 412 1711 morae
425 1675 475 1710 nos
483 1666 573 1726 urget,
590 1664 625 1718 et,
642 1658 709 1710 hora

103 1753 175 1806 Cum
188 1754 310 1806 nondum
324 1754 416 1806 sonuit
428 1754 515 1814 tertia,
528 1754 619 1821 jungit
632 1769 725 1820 equos.

64 1849 118 1901 Vix
131 1856 315 1915 experrectus,
331 1849 418 1902 media
431 1850 501 1901 inter
514 1849 627 1905 somnia.
641 1864 732 1914 surgo,
800 1896 801 1899 ,

101 1944 156 1997 Per
168 1943 281 2012 longum
295 1944 393 1997 misere
406 1943 592 1996 discutiendus
605 1945 664 1995 iter.

65 2041 217 2109 ingredior,
229 2041 327 2099 sedem
348 2041 525 2108 cubitumque
538 2046 659 2092 coarctor
672 2044 836 2104 utrumque;

104 2137 198 2204 Atque
210 2135 276 2188 duas
288 2136 403 2204 pingues
416 2137 578 2201 comprimor
591 2134 661 2186 inter
674 2149 750 2184 anus.

66 2231 139 2285 Cum
152 2238 237 2284 matre
247 2247 263 2283 e
273 2237 368 2283 contra
379 2247 447 2298 puer
461 2237 510 2290 est,
525 2229 658 2296 milesque
670 2235 813 2295 protervus
825 2246 831 2284 ;

101 2328 231 2382 Distento
244 2328 294 2380 hos
307 2328 377 2379 inter
390 2342 503 2392 corpore
517 2341 602 2392 caupo
616 2324 702 2376 sedet.

67 2425 127 2478 Nec
141 2423 188 2476 vix
201 2423 297 2485 illuxit,
313 2424 378 2490 quin
391 2421 454 2474 hinc
467 2421 599 2488 agitamur
613 2425 641 2470 et
655 2417 736 2477 illinc,

103 2522 210 2586 Aspera
222 2534 275 2585 qua
287 2517 369 2578 ducit,
387 2532 440 2583 qua
451 2517 586 2568 salebrosa
605 2514 655 2564 via.

67 2618 164 2672 Altera
175 2613 256 2668 tussit
268 2631 345 2676 anus,
361 2614 463 2665 rixatur
476 2620 502 2665 et
515 2612 615 2667 altera;
633 2609 707 2677 jurat

104 2713 193 2773 Miles,
208 2710 340 2790 ῥογκιίζει
350 2725 444 2776 caupo,
460 2709 598 2774 vomitque
611 2721 686 2772 puer.

66 2804 157 2858 Dulce
167 2803 320 2856 sodalitium
333 2799 340 2854 i
359 2802 382 2855 si
395 2801 450 2854 sint
463 2800 520 2854 haec
534 2815 624 2869 usque
637 2796 779 2866 quauiigxs

92 2898 250 2960 Commoda,
267 2899 418 2955 maluerim
431 2901 550 2972 longius
562 2900 606 2954 ire
618 2897 724 2969 penes.
