1830 3216
199 185 203 191 ,
268 138 380 182 ΔΩΡΟΝ
395 135 550 184 'Asopon

10 292 130 347 Credere
143 294 187 346 vix
200 295 309 362 poteris,
325 299 372 364 qui
381 296 450 348 risus
460 296 531 348 inter
544 296 689 357 edendum,

46 390 117 450 Quae
129 406 190 457 spes
202 396 359 457 pertentent
372 398 490 458 pectora,
505 390 587 458 quive
596 397 695 443 metus.

10 484 70 538 Rex
83 485 130 538 ille
142 483 169 538 in
183 493 301 546 noctem,
317 487 409 555 regina
422 494 534 540 vocatur
547 494 575 538 et
587 485 639 547 illa,

44 580 99 635 Cui
110 580 171 634 faba
183 583 335 650 contigerit,
350 583 549 650 contigeritque
561 582 640 635 cicer.

10 677 164 730 Praeflciunt
177 678 264 746 epulis
277 679 397 731 convivae
409 688 557 746 utrumque
568 700 575 738 ;
595 677 711 731 sulutem

44 773 82 826 Et
95 789 180 842 regno
193 782 318 843 optantes
332 775 422 827 omnia
432 773 521 827 fausta
529 774 620 827 brevi:

10 868 139 936 Regnum
152 885 234 921 unam
247 870 275 921 in
291 877 409 931 noctem,
424 870 447 923 si
461 870 495 922 sit
508 869 621 922 laetabile
633 869 737 931 saltem,

46 965 164 1034 Imperio
176 981 309 1018 annorum
323 965 429 1018 dulcius
442 980 501 1018 esse
513 965 571 1016 rati.
728 954 730 958 ⁴

248 1543 376 1596 ΔΩΡΟΝ
393 1535 573 1596 ”ΑΔΩΡΟΝ.

11 1743 95 1797 Cives
108 1742 136 1794 in
149 1758 258 1810 campos
271 1741 378 1810 quoties
390 1741 530 1794 innubilus
542 1744 587 1795 air

46 1839 136 1901 Elicit,
153 1848 180 1890 et
193 1838 315 1906 tepidum
329 1855 384 1900 ver,
401 1838 566 1907 zephyrique
578 1838 669 1898 leves;

12 1935 102 2002 Terga
113 1934 199 1995 bovis,
214 1933 258 1986 vel
271 1940 347 2001 terga
359 1933 424 1994 suis,
440 1934 504 1986 satis
516 1940 632 1999 utraque
645 1934 721 1994 salsa,

46 2032 142 2098 Caupo
156 2031 327 2083 suburbanus
340 2030 431 2090 donat,
447 2037 478 2082 ut
490 2029 588 2097 hospes
601 2030 672 2083 edat.

12 2128 70 2180 Nec
82 2126 172 2179 fraudi
183 2142 327 2179 successus
339 2127 415 2178 abest
427 2132 550 2192 optatus;
575 2126 609 2178 ad
622 2125 732 2178 humum

46 2223 137 2276 Gobio
149 2222 259 2275 festinat
271 2221 412 2292 plurimus,
429 2228 456 2273 et
469 2221 581 2289 eapitur.

13 2320 135 2374 Conviva
147 2317 249 2372 insidiis
262 2320 393 2386 deceptus
406 2318 516 2385 editque
526 2317 651 2385 sititque;

48 2417 108 2469 Nec
121 2415 213 2475 sentit,
228 2421 360 2482 quantum
371 2415 468 2467 crescit
481 2415 587 2467 edendo
599 2414 665 2467 sitis.

14 2511 76 2565 Non
89 2514 158 2566 adeo
171 2519 212 2565 est
224 2512 323 2579 largus,
339 2527 394 2563 non
407 2517 457 2571 est,
472 2526 553 2577 quem
566 2511 662 2571 credis,
677 2511 793 2562 amicus:

47 2608 87 2678 Ut
99 2608 200 2661 vendat
212 2614 316 2676 potum,
331 2607 377 2659 dat
388 2606 438 2659 tibi
450 2621 536 2672 caupo
549 2605 647 2657 cibum.
