1830 3216
299 429 339 480 IN
362 429 554 482 EFFIGIEM

134 577 303 631 DOMINAE
327 578 575 631 CATHARINAE
599 575 719 629 HYDE.

54 792 175 828 nntnnni
189 777 311 845 egregios
322 777 387 830 vidit
404 776 564 847 Cytherea*
586 777 700 838 labores,

54 871 217 940 ympharum
231 873 317 924 varios
331 873 445 933 habitus
462 873 609 940 vultusque
623 880 761 932 venustos,

52 967 95 1021 uis
107 967 205 1021 frontis
219 969 326 1022 divinus
339 969 435 1031 honos,
451 986 510 1037 quae
522 969 607 1037 gratia
619 970 718 1037 cuique

53 1063 180 1125 issimiliS,
193 1063 341 1132 formaeque
354 1080 411 1117 suae
425 1066 494 1117 bene
507 1065 615 1117 conseia
627 1065 696 1124 diva,

52 1159 93 1212 sic
104 1160 194 1226 ego‘'†
215 1161 443 1228 (monstravitque
454 1163 549 1227 manu)
568 1168 585 1189 “
597 1161 635 1213 sie
646 1177 693 1212 ora
700 1160 828 1220 ferebam,

52 1254 128 1322 iquit,
146 1254 172 1306 in
188 1254 258 1307 ldaeo
269 1255 390 1308 reserens
403 1255 551 1307 certamine
564 1271 685 1322 pomum.

52 1348 75 1402 [e
88 1349 183 1416 mihi,‡
202 1349 224 1401 si
237 1351 355 1412 memini,
369 1351 449 1403 talem
463 1351 615 1418 pellucidus
627 1349 722 1411 amniS,

52 1444 76 1497 [e
89 1444 171 1497 talem
186 1445 307 1498 exhibuit
320 1446 470 1513 speculum.
512 1447 556 1499 sic
570 1448 635 1513 me§
650 1461 759 1513 quoque
772 1444 831 1512 pul-

99 1540 201 1601 chram,

54 1634 130 1687 ativo
144 1642 264 1688 exortam
277 1636 363 1689 fluctu
377 1655 440 1691 eum
453 1637 547 1705 pinxit,
564 1644 591 1688 et
605 1637 673 1688 udos

52 1735 184 1787 iocantem
198 1733 224 1784 in
238 1733 295 1800 ripa
308 1733 403 1793 erineS‚
420 1732 560 1799 descripsit
575 1732 684 1799 Apelles
696 1753 702 1791 ;

52 1831 74 1884 ie
89 1831 169 1883 nivea
181 1826 314 1883 ornarunt
326 1830 380 1882 fusi
393 1847 452 1882 mea
465 1830 533 1882 colla
545 1830 640 1897 capilli.

52 1930 140 1983 loravi
152 1931 161 1998 fl
184 1930 293 1982 viduata
304 1946 396 1982 meum
410 1930 456 1989 sic,
472 1930 567 1998 inquit,
587 1929 705 1989 Adonin,

55 2035 67 2080 t
81 2026 149 2079 tales
161 2027 233 2094 gessi
246 2026 337 2078 vultus
353 2043 466 2078 moerore
480 2027 620 2079 deeoros.”

52 2128 70 2174 t
83 2137 148 2174 eum
162 2121 303 2188 conspexit
319 2120 451 2187 Miramsti
469 2121 514 2172 cui
527 2121 615 2173 duleis
629 2121 655 2172 in
671 2136 718 2173 ore

52 2217 170 2286 [ajestas,
185 2216 343 2283 blandisque
357 2217 427 2269 nitor
440 2216 560 2269 suffusus
573 2216 673 2277 ocelle,

52 2312 171 2373 lonstitit,
187 2312 340 2379 obtutuque
353 2312 464 2373 herene
479 2319 498 2340 ⁴⁴
510 2311 691 2373 Formosior,”
704 2311 800 2378 inquit,

62 2409 121 2462 Aut
134 2408 190 2461 haec
203 2415 244 2461 est
258 2408 343 2468 nobis,
358 2417 406 2461 aut
418 2425 469 2461 nos
483 2409 551 2461 mele
563 2409 650 2476 pinxit
666 2408 802 2475 Apelles.''

52 2595 59 2618 ι
80 2578 198 2639 Intellige
209 2578 330 2640 imagines
342 2579 458 2640 quasdam
469 2593 483 2624 a
493 2578 522 2624 G.
532 2577 707 2633 Kneller‚Bar.
715 2577 835 2639 depictas.

52 2647 61 2700 t
82 2644 149 2690 Hon.
161 2644 368 2691 Dom.Sherrard.
434 2647 447 2702 1
461 2643 617 2690 Comitissam
628 2641 658 2688 de
669 2641 835 2689 SunderIand.

52 2711 60 2767 t
77 2709 150 2756 Com.
162 2707 192 2755 de
205 2708 341 2770 Ranelagh.
430 2711 439 2768 tt
458 2708 528 2756 Com.
538 2707 570 2756 de
580 2706 725 2769 saintines.

52 2774 62 2832 fl
76 2773 149 2820 Dom,
160 2772 230 2818 caen.
240 2773 320 2834 Hyde.
