<?xml version="1.0" encoding="UTF-8"?>
<!DOCTYPE html PUBLIC "-//W3C//DTD XHTML 1.0 Transitional//EN"
    "http://www.w3.org/TR/xhtml1/DTD/xhtml1-transitional.dtd">
<html xmlns="http://www.w3.org/1999/xhtml" xml:lang="en" lang="en">
 <head>
  <title>
</title>
<meta http-equiv="Content-Type" content="text/html;charset=utf-8" />
  <meta name='ocr-system' content='tesseract 3.04.00' />
  <meta name='ocr-capabilities' content='ocr_page ocr_carea ocr_par ocr_line ocrx_word'/>
</head>
<body>
  <div class='ocr_page' id='page_1' title='image "./poeticalworksla00bourgoog_0055.png"; bbox 0 0 1830 3216; ppageno 0'>
   <div class='ocr_carea' id='block_1_1' title="bbox 276 127 817 176">
    <p class='ocr_par' dir='ltr' id='par_1_1' title="bbox 276 127 817 176">
     <span class='ocr_line' id='line_1_1' title="bbox 276 127 817 176; baseline 0 -2"><span class='ocrx_word' id='word_1_1' title='bbox 276 127 309 175; x_wconf 88' lang='grc'>36</span> <span class='ocrx_word' id='word_1_2' title='bbox 532 139 648 176; x_wconf 65' lang='lat' dir='ltr'>ustinus</span> <span class='ocrx_word' id='word_1_3' title='bbox 662 138 817 176; x_wconf 66' lang='lat' dir='ltr'>rescissus.</span> 
     </span>
    </p>
   </div>
   <div class='ocr_carea' id='block_1_2' title="bbox 313 277 915 832">
    <p class='ocr_par' dir='ltr' id='par_1_2' title="bbox 313 277 899 445">
     <span class='ocr_line' id='line_1_2' title="bbox 313 277 899 348; baseline 0.007 -18"><span class='ocrx_word' id='word_1_4' title='bbox 313 277 422 333; x_wconf 79' lang='lat' dir='ltr'>Vidistis</span> <span class='ocrx_word' id='word_1_5' title='bbox 433 287 521 333; x_wconf 77' lang='lat' dir='ltr'><strong>totum</strong></span> <span class='ocrx_word' id='word_1_6' title='bbox 534 280 655 348; x_wconf 81' lang='lat' dir='ltr'>implevit</span> <span class='ocrx_word' id='word_1_7' title='bbox 666 279 713 348; x_wconf 89' lang='lat' dir='ltr'>qni</span> <span class='ocrx_word' id='word_1_8' title='bbox 725 281 838 333; x_wconf 82' lang='lat' dir='ltr'>numine</span> <span class='ocrx_word' id='word_1_9' title='bbox 849 281 899 334; x_wconf 85' lang='lat' dir='ltr'>coel</span> 
     </span>
     <span class='ocr_line' id='line_1_3' title="bbox 349 376 860 445; baseline 0.004 -16"><span class='ocrx_word' id='word_1_10' title='bbox 349 376 424 430; x_wconf 78' lang='lat' dir='ltr'>Inter</span> <span class='ocrx_word' id='word_1_11' title='bbox 436 376 556 445; x_wconf 79' lang='lat' dir='ltr'><strong>mugitus</strong></span> <span class='ocrx_word' id='word_1_12' title='bbox 568 376 612 430; x_wconf 87' lang='lat' dir='ltr'>hic</span> <span class='ocrx_word' id='word_1_13' title='bbox 625 377 755 430; x_wconf 82' lang='lat' dir='ltr'>recubare</span> <span class='ocrx_word' id='word_1_14' title='bbox 767 378 860 431; x_wconf 86' lang='lat' dir='ltr'>houm.</span> 
     </span>
    </p>

    <p class='ocr_par' dir='ltr' id='par_1_3' title="bbox 313 472 915 632">
     <span class='ocr_line' id='line_1_4' title="bbox 313 472 915 544; baseline 0.005 -19"><span class='ocrx_word' id='word_1_15' title='bbox 313 472 423 528; x_wconf 82' lang='lat' dir='ltr'>Vidistis</span> <span class='ocrx_word' id='word_1_16' title='bbox 435 474 564 527; x_wconf 82' lang='lat' dir='ltr'>blandum</span> <span class='ocrx_word' id='word_1_17' title='bbox 576 473 715 536; x_wconf 80' lang='lat' dir='ltr'>infantem,</span> <span class='ocrx_word' id='word_1_18' title='bbox 730 474 778 544; x_wconf 89' lang='lat' dir='ltr'>qui</span> <span class='ocrx_word' id='word_1_19' title='bbox 789 491 874 544; x_wconf 84' lang='lat' dir='ltr'>regna</span> <span class='ocrx_word' id='word_1_20' title='bbox 886 492 915 528; x_wconf 66' lang='lat' dir='ltr'>r:</span> 
     </span>
     <span class='ocr_line' id='line_1_5' title="bbox 349 568 915 632; baseline 0.005 -10"><span class='ocrx_word' id='word_1_21' title='bbox 349 568 388 623; x_wconf 80' lang='lat' dir='ltr'>Ut</span> <span class='ocrx_word' id='word_1_22' title='bbox 400 569 486 623; x_wconf 84' lang='lat' dir='ltr'>multe</span> <span class='ocrx_word' id='word_1_23' title='bbox 497 570 524 622; x_wconf 92' lang='lat' dir='ltr'>in</span> <span class='ocrx_word' id='word_1_24' title='bbox 539 569 626 632; x_wconf 81' lang='lat' dir='ltr'>terris,</span> <span class='ocrx_word' id='word_1_25' title='bbox 641 568 712 624; x_wconf 86' lang='lat' dir='ltr'>heui</span> <span class='ocrx_word' id='word_1_26' title='bbox 726 571 796 624; x_wconf 77' lang='lat' dir='ltr'>mels</span> <span class='ocrx_word' id='word_1_27' title='bbox 807 571 895 625; x_wconf 85' lang='lat' dir='ltr'><strong>multa</strong></span> <span class='ocrx_word' id='word_1_28' title='bbox 913 582 915 617; x_wconf 76' lang='grc' dir='ltr'><strong>ῑ</strong></span> 
     </span>
    </p>

    <p class='ocr_par' dir='ltr' id='par_1_4' title="bbox 315 665 910 832">
     <span class='ocr_line' id='line_1_6' title="bbox 315 665 910 737; baseline 0.002 -16"><span class='ocrx_word' id='word_1_29' title='bbox 315 666 339 721; x_wconf 94' lang='lat'>0</span> <span class='ocrx_word' id='word_1_30' title='bbox 353 666 469 720; x_wconf 77' lang='lat' dir='ltr'>humiles</span> <span class='ocrx_word' id='word_1_31' title='bbox 481 667 585 720; x_wconf 77' lang='lat' dir='ltr'>animos</span> <span class='ocrx_word' id='word_1_32' title='bbox 597 665 604 720; x_wconf 85' lang='lat' dir='ltr'>i</span> <span class='ocrx_word' id='word_1_33' title='bbox 619 667 703 721; x_wconf 88' lang='lat' dir='ltr'>divini</span> <span class='ocrx_word' id='word_1_34' title='bbox 715 685 732 722; x_wconf 95' lang='grc' dir='ltr'>ο</span> <span class='ocrx_word' id='word_1_35' title='bbox 744 667 842 737; x_wconf 86' lang='lat' dir='ltr'>pignus</span> <span class='ocrx_word' id='word_1_36' title='bbox 853 685 910 722; x_wconf 85' lang='lat' dir='ltr'>am·</span> 
     </span>
     <span class='ocr_line' id='line_1_7' title="bbox 351 762 896 832; baseline 0.004 -16"><span class='ocrx_word' id='word_1_37' title='bbox 351 762 434 825; x_wconf 86' lang='lat' dir='ltr'><strong>Quod</strong></span> <span class='ocrx_word' id='word_1_38' title='bbox 446 762 523 817; x_wconf 91' lang='lat' dir='ltr'>Deus</span> <span class='ocrx_word' id='word_1_39' title='bbox 534 762 577 816; x_wconf 84' lang='lat' dir='ltr'>hie</span> <span class='ocrx_word' id='word_1_40' title='bbox 590 770 691 826; x_wconf 77' lang='lat' dir='ltr'>noster,</span> <span class='ocrx_word' id='word_1_41' title='bbox 706 764 767 832; x_wconf 90' lang='lat' dir='ltr'>quis</span> <span class='ocrx_word' id='word_1_42' title='bbox 780 763 857 818; x_wconf 87' lang='lat' dir='ltr'>Deus</span> <span class='ocrx_word' id='word_1_43' title='bbox 870 764 896 818; x_wconf 83' lang='lat' dir='ltr'>al</span> 
     </span>
    </p>
   </div>
   <div class='ocr_carea' id='block_1_3' title="bbox 455 1051 899 1108">
    <p class='ocr_par' dir='ltr' id='par_1_5' title="bbox 455 1051 899 1108">
     <span class='ocr_line' id='line_1_8' title="bbox 455 1051 899 1108; baseline 0.002 -2"><span class='ocrx_word' id='word_1_44' title='bbox 455 1054 496 1108; x_wconf 85' lang='grc' dir='ltr'>ΙΝ</span> <span class='ocrx_word' id='word_1_45' title='bbox 517 1051 899 1108; x_wconf 83' lang='lat' dir='ltr'>RESURRECTIONEM.</span> 
     </span>
    </p>
   </div>
   <div class='ocr_carea' id='block_1_4' title="bbox 384 1209 904 1567">
    <p class='ocr_par' dir='ltr' id='par_1_6' title="bbox 384 1209 904 1567">
     <span class='ocr_line' id='line_1_9' title="bbox 384 1209 846 1265; baseline 0 -1"><span class='ocrx_word' id='word_1_46' title='bbox 384 1210 495 1265; x_wconf 76' lang='lat' dir='ltr'>Dinnis</span> <span class='ocrx_word' id='word_1_47' title='bbox 506 1211 585 1265; x_wconf 73' lang='lat' dir='ltr'>rediit</span> <span class='ocrx_word' id='word_1_48' title='bbox 597 1211 684 1265; x_wconf 83' lang='lat' dir='ltr'>clarus</span> <span class='ocrx_word' id='word_1_49' title='bbox 697 1209 846 1264; x_wconf 87' lang='lat' dir='ltr'>honoribus</span> 
     </span>
     <span class='ocr_line' id='line_1_10' title="bbox 385 1306 904 1362; baseline 0.002 -2"><span class='ocrx_word' id='word_1_50' title='bbox 385 1307 429 1360; x_wconf 91' lang='lat' dir='ltr'>En</span> <span class='ocrx_word' id='word_1_51' title='bbox 445 1306 569 1362; x_wconf 78' lang='lat' dir='ltr'>Christus</span> <span class='ocrx_word' id='word_1_52' title='bbox 583 1306 690 1361; x_wconf 78' lang='lat' dir='ltr'>domitis</span> <span class='ocrx_word' id='word_1_53' title='bbox 704 1306 790 1360; x_wconf 84' lang='lat' dir='ltr'>victor</span> <span class='ocrx_word' id='word_1_54' title='bbox 801 1307 835 1361; x_wconf 82' lang='lat' dir='ltr'>ah</span> <span class='ocrx_word' id='word_1_55' title='bbox 847 1306 904 1362; x_wconf 85' lang='lat' dir='ltr'>inie</span> 
     </span>
     <span class='ocr_line' id='line_1_11' title="bbox 422 1401 749 1472; baseline -0.006 -16"><span class='ocrx_word' id='word_1_56' title='bbox 422 1401 594 1472; x_wconf 80' lang='lat' dir='ltr'>Devietoque</span> <span class='ocrx_word' id='word_1_57' title='bbox 605 1401 749 1470; x_wconf 84' lang='lat' dir='ltr'>sepulchro</span> 
     </span>
     <span class='ocr_line' id='line_1_12' title="bbox 459 1497 834 1567; baseline -0.003 -16"><span class='ocrx_word' id='word_1_58' title='bbox 459 1497 577 1552; x_wconf 83' lang='lat' dir='ltr'>Messiah</span> <span class='ocrx_word' id='word_1_59' title='bbox 589 1497 725 1567; x_wconf 76' lang='lat' dir='ltr'>egreditur</span> <span class='ocrx_word' id='word_1_60' title='bbox 738 1514 834 1552; x_wconf 87' lang='lat' dir='ltr'>novus.</span> 
     </span>
    </p>
   </div>
   <div class='ocr_carea' id='block_1_5' title="bbox 385 1691 909 2051">
    <p class='ocr_par' dir='ltr' id='par_1_7' title="bbox 385 1691 909 2051">
     <span class='ocr_line' id='line_1_13' title="bbox 386 1691 909 1762; baseline -0.002 -15"><span class='ocrx_word' id='word_1_61' title='bbox 386 1693 535 1762; x_wconf 80' lang='lat' dir='ltr'>Deceptam</span> <span class='ocrx_word' id='word_1_62' title='bbox 548 1692 656 1754; x_wconf 80' lang='lat' dir='ltr'>rabiem,</span> <span class='ocrx_word' id='word_1_63' title='bbox 671 1691 783 1745; x_wconf 83' lang='lat' dir='ltr'>consilis</span> <span class='ocrx_word' id='word_1_64' title='bbox 794 1698 822 1745; x_wconf 77' lang='lat' dir='ltr'>et</span> <span class='ocrx_word' id='word_1_65' title='bbox 834 1692 909 1746; x_wconf 91' lang='lat' dir='ltr'>dol</span> 
     </span>
     <span class='ocr_line' id='line_1_14' title="bbox 385 1788 859 1858; baseline -0.004 -14"><span class='ocrx_word' id='word_1_66' title='bbox 385 1790 509 1844; x_wconf 82' lang='lat' dir='ltr'><strong>Judaeum</strong></span> <span class='ocrx_word' id='word_1_67' title='bbox 522 1790 611 1843; x_wconf 79' lang='lat' dir='ltr'>doleat</span> <span class='ocrx_word' id='word_1_68' title='bbox 623 1789 721 1858; x_wconf 84' lang='lat' dir='ltr'>vulgus</span> <span class='ocrx_word' id='word_1_69' title='bbox 733 1788 859 1850; x_wconf 85' lang='lat' dir='ltr'>inutiles;</span> 
     </span>
     <span class='ocr_line' id='line_1_15' title="bbox 423 1884 782 1954; baseline 0 -15"><span class='ocrx_word' id='word_1_70' title='bbox 423 1886 504 1948; x_wconf 84' lang='lat' dir='ltr'>Quod</span> <span class='ocrx_word' id='word_1_71' title='bbox 517 1886 621 1954; x_wconf 85' lang='lat' dir='ltr'>possint</span> <span class='ocrx_word' id='word_1_72' title='bbox 633 1884 699 1939; x_wconf 89' lang='lat' dir='ltr'>nihil</span> <span class='ocrx_word' id='word_1_73' title='bbox 711 1886 782 1939; x_wconf 78' lang='lat' dir='ltr'>ultra</span> 
     </span>
     <span class='ocr_line' id='line_1_16' title="bbox 458 1982 853 2051; baseline 0 -15"><span class='ocrx_word' id='word_1_74' title='bbox 458 1983 564 2051; x_wconf 85' lang='lat' dir='ltr'>Iraeque</span> <span class='ocrx_word' id='word_1_75' title='bbox 577 1990 604 2036; x_wconf 78' lang='lat' dir='ltr'>ei</span> <span class='ocrx_word' id='word_1_76' title='bbox 615 1982 691 2036; x_wconf 84' lang='lat' dir='ltr'><strong>furor</strong></span> <span class='ocrx_word' id='word_1_77' title='bbox 704 1984 853 2051; x_wconf 77' lang='lat' dir='ltr'>impotens:</span> 
     </span>
    </p>
   </div>
   <div class='ocr_carea' id='block_1_6' title="bbox 388 2176 864 2440">
    <p class='ocr_par' dir='ltr' id='par_1_8' title="bbox 388 2176 864 2440">
     <span class='ocr_line' id='line_1_17' title="bbox 388 2176 850 2239; baseline 0.002 -10"><span class='ocrx_word' id='word_1_78' title='bbox 388 2176 520 2230; x_wconf 83' lang='lat' dir='ltr'>simultis</span> <span class='ocrx_word' id='word_1_79' title='bbox 533 2176 666 2229; x_wconf 76' lang='lat' dir='ltr'>laceratus</span> <span class='ocrx_word' id='word_1_80' title='bbox 679 2176 850 2239; x_wconf 82' lang='lat' dir='ltr'>cruciatibus,</span> 
     </span>
     <span class='ocr_line' id='line_1_18' title="bbox 423 2272 864 2342; baseline 0.002 -16"><span class='ocrx_word' id='word_1_81' title='bbox 423 2272 451 2327; x_wconf 85' lang='lat' dir='ltr'>si</span> <span class='ocrx_word' id='word_1_82' title='bbox 463 2281 578 2342; x_wconf 74' lang='lat' dir='ltr'>poteras,</span> <span class='ocrx_word' id='word_1_83' title='bbox 596 2272 711 2336; x_wconf 86' lang='lat' dir='ltr'>Christe,</span> <span class='ocrx_word' id='word_1_84' title='bbox 726 2276 802 2337; x_wconf 85' lang='lat' dir='ltr'>mori,</span> <span class='ocrx_word' id='word_1_85' title='bbox 818 2274 864 2328; x_wconf 90' lang='lat' dir='ltr'>diu</span> 
     </span>
     <span class='ocr_line' id='line_1_19' title="bbox 461 2371 733 2440; baseline -0.004 -16"><span class='ocrx_word' id='word_1_86' title='bbox 461 2371 524 2424; x_wconf 92' lang='lat' dir='ltr'>Non</span> <span class='ocrx_word' id='word_1_87' title='bbox 536 2377 643 2440; x_wconf 82' lang='lat' dir='ltr'>poteras</span> <span class='ocrx_word' id='word_1_88' title='bbox 655 2372 733 2425; x_wconf 87' lang='lat' dir='ltr'>mori.</span> 
     </span>
    </p>
   </div>
   <div class='ocr_carea' id='block_1_7' title="bbox 470 2612 889 2669">
    <p class='ocr_par' dir='ltr' id='par_1_9' title="bbox 470 2612 889 2669">
     <span class='ocr_line' id='line_1_20' title="bbox 470 2612 889 2669; baseline 0.005 -4"><span class='ocrx_word' id='word_1_89' title='bbox 470 2612 637 2666; x_wconf 90' lang='lat' dir='ltr'>HYMNUS</span> <span class='ocrx_word' id='word_1_90' title='bbox 659 2613 889 2669; x_wconf 82' lang='lat' dir='ltr'>PASCHALIS.</span> 
     </span>
    </p>
   </div>
   <div class='ocr_carea' id='block_1_8' title="bbox 390 2769 911 3127">
    <p class='ocr_par' dir='ltr' id='par_1_10' title="bbox 390 2769 897 2927">
     <span class='ocr_line' id='line_1_21' title="bbox 390 2769 894 2837; baseline 0.012 -17"><span class='ocrx_word' id='word_1_91' title='bbox 390 2770 475 2830; x_wconf 75' lang='lat' dir='ltr'>Quen</span> <span class='ocrx_word' id='word_1_92' title='bbox 488 2769 640 2837; x_wconf 84' lang='lat' dir='ltr'>paeierebss,</span> <span class='ocrx_word' id='word_1_93' title='bbox 655 2772 750 2825; x_wconf 85' lang='lat' dir='ltr'>horror</span> <span class='ocrx_word' id='word_1_94' title='bbox 762 2772 809 2825; x_wconf 86' lang='lat' dir='ltr'>nbi</span> <span class='ocrx_word' id='word_1_95' title='bbox 821 2779 894 2834; x_wconf 80' lang='lat' dir='ltr'>tuus,</span> 
     </span>
     <span class='ocr_line' id='line_1_22' title="bbox 390 2865 897 2927; baseline 0.006 -8"><span class='ocrx_word' id='word_1_96' title='bbox 390 2865 414 2919; x_wconf 94' lang='lat'>0</span> <span class='ocrx_word' id='word_1_97' title='bbox 428 2881 499 2927; x_wconf 85' lang='lat' dir='ltr'>oree,</span> <span class='ocrx_word' id='word_1_98' title='bbox 514 2867 636 2920; x_wconf 88' lang='lat' dir='ltr'>nondum</span> <span class='ocrx_word' id='word_1_99' title='bbox 649 2867 790 2922; x_wconf 84' lang='lat' dir='ltr'>funeribus</span> <span class='ocrx_word' id='word_1_100' title='bbox 802 2867 897 2922; x_wconf 80' lang='lat' dir='ltr'>satur?</span> 
     </span>
    </p>

    <p class='ocr_par' dir='ltr' id='par_1_11' title="bbox 423 2959 911 3127">
     <span class='ocr_line' id='line_1_23' title="bbox 423 2959 794 3032; baseline 0.016 -21"><span class='ocrx_word' id='word_1_101' title='bbox 423 2959 553 3024; x_wconf 72' lang='lat' dir='ltr'>Victoris,</span> <span class='ocrx_word' id='word_1_102' title='bbox 569 2978 636 3031; x_wconf 83' lang='lat' dir='ltr'>quas</span> <span class='ocrx_word' id='word_1_103' title='bbox 644 2962 794 3032; x_wconf 76' lang='lat' dir='ltr'>jactitabas,</span> 
     </span>
     <span class='ocr_line' id='line_1_24' title="bbox 461 3056 911 3127; baseline 0.004 -17"><span class='ocrx_word' id='word_1_104' title='bbox 461 3056 485 3110; x_wconf 94' lang='lat'>0</span> <span class='ocrx_word' id='word_1_105' title='bbox 499 3057 544 3111; x_wconf 90' lang='lat' dir='ltr'>ubi</span> <span class='ocrx_word' id='word_1_106' title='bbox 557 3065 631 3122; x_wconf 78' lang='lat' dir='ltr'>sunt,</span> <span class='ocrx_word' id='word_1_107' title='bbox 645 3059 755 3114; x_wconf 80' lang='lat' dir='ltr'>avidum</span> <span class='ocrx_word' id='word_1_108' title='bbox 766 3057 911 3127; x_wconf 79' lang='lat' dir='ltr'>sepulchru</span> 
     </span>
    </p>
   </div>
   <div class='ocr_carea' id='block_1_9' title="bbox 0 0 922 3216">
    <p class='ocr_par' dir='ltr' id='par_1_12' title="bbox 0 0 922 3216">
     <span class='ocr_line' id='line_1_25' title="bbox 0 0 922 3216; baseline 0 0"><span class='ocrx_word' id='word_1_109' title='bbox 0 0 922 3216; x_wconf 95' lang='lat' dir='ltr'> </span> 
     </span>
    </p>
   </div>
  </div>
 </body>
</html>
