1830 3216
211 120 356 156 ouciaauo
375 121 508 156 susinum
527 120 707 158 vanamcana.
828 109 861 163 73

61 265 82 288 ‘⁴
93 258 183 312 Suave
195 276 295 322 meum,
311 269 339 314 et
352 262 406 316 vita
421 263 546 316 Susanna
558 279 574 315 ο
588 261 672 316 carior
685 261 748 330 ipsa,

98 356 170 419 Sunt
181 373 250 420 mea,
266 375 325 427 quae
337 359 407 422 vovi,
422 366 487 412 sunt
499 359 548 412 tibi
563 365 626 412 vota
638 364 713 418 ταας

62 451 232 507 Pendentem
246 472 280 508 ex
288 457 368 509 oculo
381 457 415 509 da
423 473 557 525 gemmam
571 456 712 510 exosculer
724 455 812 509 illam:

97 549 207 602 Gratior
220 557 250 603 ut
263 552 352 604 reditu
365 552 407 613 sit,
425 551 580 605 Gulielmus
592 552 656 605 abit.

60 646 125 707 Quo
138 647 212 710 velit,
228 648 340 702 inclinet
357 656 472 708 ventus;
492 657 520 703 te
534 656 627 718 verget
639 651 672 702 ad
685 667 767 703 unam

96 743 152 798 Cor
164 730 266 806 meum',
281 753 312 799 ut
323 747 358 799 ad
371 747 480 799 boream
493 746 602 800 nautica
614 747 701 815 vergit
713 763 787 801 acus,

57 1007 79 1030 ‘³
86 999 174 1052 Terra
185 1000 316 1067 degentes
328 999 418 1061 vitam,
431 1006 479 1052 tua
490 1007 601 1069 pectora
609 1000 662 1053 fida

96 1097 258 1151 Teutobunt
271 1097 353 1150 dubio
366 1097 500 1150 solicitare
512 1104 600 1151 metu:

60 1193 92 1246 ln
106 1193 205 1262 quovis
217 1201 306 1262 portu,
323 1194 384 1259 (sed
396 1193 453 1246 noli
465 1191 499 1246 ol
519 1195 642 1262 credere)
655 1194 755 1252 dicent.

96 1291 196 1351 Nauta,
212 1291 284 1359 quod
296 1290 426 1343 accendat
438 1291 539 1343 mobile
551 1297 655 1358 pectus,
671 1291 759 1344 habet.

57 1388 135 1450 Quia
148 1385 181 1441 ol
203 1387 268 1455 quin
281 1388 391 1448 credas;
412 1387 596 1456 quodcunque
608 1388 725 1441 invisero
737 1389 821 1450 littus,

95 1484 142 1537 Tu
154 1482 229 1546 mihi,
244 1490 276 1536 tu
288 1499 404 1552 presens
417 1484 486 1552 ignis
497 1490 524 1536 et
536 1483 615 1539 ardor
628 1484 689 1537 eris.

57 1728 152 1782 “Sive
167 1726 252 1791 Indua
264 1743 439 1795 gemmarum,
455 1726 543 1779 eboris
555 1743 604 1780 seu
617 1726 711 1779 fertilis
728 1727 801 1788 Afer,

94 1825 150 1879 Seu
163 1823 229 1877 mihi
241 1824 369 1877 visendus
382 1823 457 1876 dives
470 1823 560 1877 odoris
575 1824 679 1877 Arabs:

59 1922 127 1976 Esse
139 1922 214 1975 domi
224 1927 337 1975 cunctas
349 1928 440 1975 tecum
453 1922 584 1989 reputabo
598 1921 713 1983 relictas,

95 2019 170 2079 Quas
183 2024 303 2071 ostentet
318 2018 413 2080 Arabs,
432 2017 506 2079 Afer,
522 2024 549 2070 et
564 2017 658 2080 Indus,
674 2034 748 2086 opes.

19 2102 27 2125 ⁸
58 2114 252 2183 Quodcunque
261 2113 408 2183 egregium,
422 2101 574 2180 pulchrum,
590 2113 632 2166 vel
647 2113 727 2166 dulce
740 2114 844 2175 videbo,

93 2213 228 2265 Occurret
238 2210 372 2278 quiddam,
388 2210 460 2280 quod
473 2211 636 2272 memorabo,
651 2210 700 2262 tui.

59 2469 76 2492 ‘¹
88 2464 156 2525 Nec,
172 2480 233 2516 mea
244 2463 300 2526 lux,
317 2463 426 2524 doleas;
446 2465 537 2532 patrie
548 2464 571 2518 si
583 2482 665 2518 causa
677 2467 804 2534 requirat,

91 2559 129 2613 Ut
141 2559 238 2628 procul
249 2560 375 2628 amplexu
388 2577 483 2629 poscat
495 2562 528 2613 ad
541 2578 614 2614 arma
627 2568 689 2622 tuo;

10 2636 15 2679 ¹
59 2657 111 2718 Qui
123 2657 182 2720 tibi,
195 2657 328 2711 bellorum
341 2658 389 2727 qui
399 2658 514 2712 fulmine
528 2666 605 2712 tutus
617 2661 650 2713 ab
663 2660 744 2721 omni,

10 2754 12 2807 t
91 2753 156 2807 Post
168 2753 272 2822 aliquot
283 2770 391 2807 meuses
404 2754 589 2810 restituendus
602 2773 660 2811 eto.

57 2848 98 2902 Ne
110 2850 202 2902 dulces
211 2850 278 2902 istos
290 2853 452 2910 constristet
465 2856 554 2914 fletus
567 2858 690 2922 ocellos,

73 2943 312 3004 Mlleavettendo
325 2953 393 3020 tela,
409 2962 530 3019 cavebit
550 2963 673 3021 timot.n
