1830 3216
162 114 190 150 rr
211 112 315 150 omrurr
334 112 462 150 eoussaer.
661 99 711 148 135

51 269 101 306 nos
112 251 199 315 adeas,
215 257 242 304 et
254 267 309 303 non
322 250 439 318 ignobile
451 267 552 304 munus

61 350 150 402 minus
162 348 260 416 solido)
274 348 340 401 dent
351 347 400 401 tibi
409 347 482 401 mille
491 348 604 409 domus;

51 467 63 503 e
81 450 183 501 bonurn
201 453 312 515 exoptas
331 445 416 507 nobis,
431 445 581 514 laetumque
594 444 710 499 Decem-

51 565 69 610 ¹2

51 643 81 697 bi
92 643 189 712 pariter
201 643 286 703 letus,
302 648 330 694 et
343 647 401 694 esto
410 640 507 692 bonus.

99 1201 140 1255 IN
163 1200 319 1255 OBITUM
339 1201 527 1263 ROUSSAEI.

52 1397 62 1430 >
80 1396 236 1432 rrrmrrrrs
253 1378 333 1431 servi
350 1398 366 1430 A
384 1396 533 1442 cumcurm,
551 1395 625 1431 Areo
644 1381 715 1434 1721.

52 1617 135 1663 teron,
155 1601 229 1666 (nam
241 1599 350 1652 tandem
363 1614 466 1661 omnes,
481 1597 528 1666 qui
541 1597 675 1651 nascimur
687 1603 715 1650 et

52 1811 113 1857 nur,
128 1801 176 1846 tua
187 1809 238 1846 nos
249 1792 347 1862 cymba
357 1792 503 1862 aliquando
516 1792 632 1859 manen)

65 1889 106 1945 fer
118 1890 220 1944 circum
233 1890 336 1952 oculos,
351 1905 500 1958 omnesque
512 1904 624 1942 recense

53 2027 59 2047 .
74 1988 108 2041 ad
123 1987 230 2057 Stygias
242 1986 289 2056 qui
300 1986 484 2055 glomerantur
496 2001 595 2053 aquam

52 2125 55 2142 .
70 2084 93 2137 si
105 2101 219 2137 crassam
230 2083 288 2137 fors
299 2083 480 2152 exploraveris
493 2083 624 2144 umbram,

52 2189 74 2235 st
86 2182 114 2235 in
127 2189 187 2235 toto
199 2182 311 2235 crassior
324 2181 419 2235 umbra
429 2180 500 2233 loco.

52 2294 82 2329 ιω
96 2294 198 2340 cernes,
212 2277 368 2344 animasque
379 2275 442 2328 hine
455 2275 518 2328 inde
530 2274 649 2328 minores

52 2383 133 2438 ntem,
147 2381 179 2428 ut
190 2375 282 2429 cubito
291 2374 390 2442 pandat
398 2380 516 2441 utroque
528 2373 606 2426 viem.

53 2488 64 2524 s
77 2478 104 2526 et
117 2471 223 2540 pinguis
236 2477 319 2532 totus,
334 2470 383 2523 tibi
395 2469 485 2523 navita
496 2470 619 2523 dextram

53 2575 72 2631 t,
86 2569 120 2621 ad
134 2567 219 2638 Elysii
231 2567 404 2636 trajiciendus
415 2582 502 2635 egros.
669 2639 673 2644 ·

54 2665 83 2729 it,
100 2665 246 2720 Roussaeus
259 2671 323 2727 erat,
338 2664 424 2718 nostri
435 2663 527 2718 accola
540 2662 624 2724 Gemi,

59 2780 175 2833 puerum
188 2763 271 2824 novit,
286 2762 362 2816 novit
374 2769 402 2816 et
414 2762 489 2816 unda
499 2777 603 2816 senem.

53 2876 80 2910 m
91 2860 139 2911 illo
150 2859 248 2913 melior
259 2859 329 2923 fuit3
352 2868 430 2918 esset
441 2862 555 2934 agenda

53 2951 91 3011 ris,
108 2962 192 3007 conto
204 2972 257 3011 seu
272 2961 449 3034 subigenda,
464 2963 551 3020 retis.
