1830 3216
70 113 121 162 214
343 126 431 161 causo
451 125 607 161 mauranus.

72 262 122 315 Est
135 263 162 314 in
176 271 333 330 conspectu,
349 264 396 331 qui
408 263 490 316 millia
501 270 644 330 computat
659 263 739 319 indes

109 358 145 410 Et
157 367 290 420 numerat,
305 371 408 428 quanto
420 360 586 414 diminuatur
599 359 662 413 iter.

74 453 157 507 Hunc
170 461 345 522 praetervecto
359 456 482 522 lapidem,
497 455 544 523 qui
556 455 702 521 proximus
715 455 739 509 iu

19 584 22 592 .
110 547 195 601 Miliia
206 550 322 617 signabit
333 551 492 618 prateriisse
505 551 568 603 duc.

72 643 125 697 vix
137 661 153 697 e
166 652 323 713 conspectu,
337 646 383 698 vix
395 661 455 699 sese
468 645 514 698 ubi
526 646 675 698 submovet
687 645 739 707 ille,

111 741 214 794 Ordine
226 741 273 808 qui
285 742 410 804 subeant,
424 741 492 794 alter
504 747 532 793 et
544 740 613 792 aiter
625 745 726 792 erunt:

75 835 193 898 Tertius,
206 842 234 888 et
243 837 557 905 quartus-quintusque
566 835 640 888 haud
648 835 739 888 coniic

110 930 179 984 Tam
192 923 296 1000 placida
308 939 426 1000 pergunt
438 948 526 1000 usque
537 938 635 984 tenore
647 931 708 984 viae.

75 1026 177 1096 ignota
189 1034 296 1080 tautum
308 1034 415 1096 prastat
428 1026 556 1080 distantia
567 1033 652 1086 nota;

111 1123 196 1178 Miiiia
208 1137 271 1193 quae
280 1123 368 1177 reddit
380 1123 466 1190 plura,
480 1122 625 1189 minusque
635 1120 698 1174 vioe.

280 1853 414 1908 CAUPO
436 1853 662 1907 MEDIATOR.

76 2075 133 2128 Suu
145 2075 177 2128 lis
190 2075 314 2129 inciderit
326 2076 464 2128 muliebris
475 2074 532 2128 sive
545 2072 635 2134 virilis,

111 2170 206 2239 Caupo
218 2172 308 2224 statim
321 2172 384 2224 rixa
396 2170 547 2240 pacificator
559 2169 645 2221 adest,

75 2265 125 2319 lile
136 2266 313 2335 interponens
324 2283 392 2329 sese,
411 2273 429 2295 “
441 2265 540 2319 Pacem
552 2265 655 2331 impero
668 2263 739 2316 rabir

111 2363 211 2432 Inquit,
227 2363 315 2417 “etin
330 2363 400 2431 regis
412 2363 522 2415 nomine
533 2376 624 2430 posco,
640 2376 708 2428 rogo
720 2360 738 2412 ι’

76 2460 214 2528 Praecipue
226 2466 331 2520 cautus,
346 2475 382 2511 ne
394 2459 476 2511 verba
487 2457 515 2509 in
528 2456 640 2509 verbera
649 2454 739 2507 cedan‘

111 2554 232 2623 Respicit
243 2554 306 2606 hinc
318 2553 449 2621 pugilum,
466 2552 574 2620 respicit
586 2551 650 2604 inde
663 2565 739 2602 marn¹

77 2653 140 2705 Neu
152 2651 222 2705 desit
234 2650 388 2719 quidquam,
404 2657 535 2718 quantum
548 2645 674 2700 facundia
684 2661 739 2713 posi

112 2749 221 2811 Tentat,
237 2755 265 2802 et
278 2748 325 2802 has
337 2765 419 2802 voces
431 2747 506 2801 addit
519 2753 546 2799 et
559 2744 633 2797 hisce
645 2760 736 2812 pares.

70 2853 88 2876 “
100 2847 202 2904 Toiiite
216 2846 388 2908 barbariem3
407 2843 598 2900 viciniaststs,
608 2839 684 2906 quad
692 2839 739 2890 asti

90 2949 231 3008 Imbeiics
244 2951 364 3008 animos
373 2945 473 3017 ›argu'u
484 2943 541 2997 istc
550 2938 643 2992 imur.
