<?xml version="1.0" encoding="UTF-8"?>
<!DOCTYPE html PUBLIC "-//W3C//DTD XHTML 1.0 Transitional//EN"
    "http://www.w3.org/TR/xhtml1/DTD/xhtml1-transitional.dtd">
<html xmlns="http://www.w3.org/1999/xhtml" xml:lang="en" lang="en">
 <head>
  <title>
</title>
<meta http-equiv="Content-Type" content="text/html;charset=utf-8" />
  <meta name='ocr-system' content='tesseract 3.04.00' />
  <meta name='ocr-capabilities' content='ocr_page ocr_carea ocr_par ocr_line ocrx_word'/>
</head>
<body>
  <div class='ocr_page' id='page_1' title='image "./poeticalworksla00bourgoog_0196.png"; bbox 0 0 1830 3216; ppageno 0'>
   <div class='ocr_carea' id='block_1_1' title="bbox 169 533 609 587">
    <p class='ocr_par' dir='ltr' id='par_1_1' title="bbox 169 533 609 587">
     <span class='ocr_line' id='line_1_1' title="bbox 169 533 609 587; baseline -0.002 -1"><span class='ocrx_word' id='word_1_1' title='bbox 169 535 336 587; x_wconf 85' lang='lat' dir='ltr'>STRADAE</span> <span class='ocrx_word' id='word_1_2' title='bbox 360 533 609 587; x_wconf 84' lang='lat' dir='ltr'>PHILOMELA.</span> 
     </span>
    </p>
   </div>
   <div class='ocr_carea' id='block_1_2' title="bbox 62 703 703 763">
    <p class='ocr_par' dir='ltr' id='par_1_2' title="bbox 62 703 703 763">
     <span class='ocr_line' id='line_1_2' title="bbox 62 703 703 763; baseline 0.002 -8"><span class='ocrx_word' id='word_1_3' title='bbox 62 719 137 755; x_wconf 78' lang='lat' dir='ltr'><strong>nunu</strong></span> <span class='ocrx_word' id='word_1_4' title='bbox 151 704 253 756; x_wconf 83' lang='lat' dir='ltr'><strong>audivit</strong></span> <span class='ocrx_word' id='word_1_5' title='bbox 266 704 374 756; x_wconf 81' lang='lat' dir='ltr'><strong>calamis</strong></span> <span class='ocrx_word' id='word_1_6' title='bbox 391 703 540 755; x_wconf 81' lang='lat' dir='ltr'>Philomela</span> <span class='ocrx_word' id='word_1_7' title='bbox 552 711 703 763; x_wconf 86' lang='lat' dir='ltr'>canentem,</span> 
     </span>
    </p>
   </div>
   <div class='ocr_carea' id='block_1_3' title="bbox 69 798 580 867">
    <p class='ocr_par' dir='ltr' id='par_1_3' title="bbox 69 798 580 867">
     <span class='ocr_line' id='line_1_3' title="bbox 69 798 580 867; baseline -0.002 -16"><span class='ocrx_word' id='word_1_8' title='bbox 69 798 157 851; x_wconf 90' lang='lat' dir='ltr'><strong>voluit</strong></span> <span class='ocrx_word' id='word_1_9' title='bbox 169 806 268 852; x_wconf 88' lang='lat' dir='ltr'><strong>tenues</strong></span> <span class='ocrx_word' id='word_1_10' title='bbox 282 800 338 867; x_wconf 83' lang='lat' dir='ltr'><strong>ipsa</strong></span> <span class='ocrx_word' id='word_1_11' title='bbox 351 799 453 851; x_wconf 83' lang='lat' dir='ltr'><strong>referre</strong></span> <span class='ocrx_word' id='word_1_12' title='bbox 466 799 562 851; x_wconf 91' lang='lat' dir='ltr'><strong>modos</strong></span> <span class='ocrx_word' id='word_1_13' title='bbox 574 822 580 857; x_wconf 86' lang='lat'>;</span> 
     </span>
    </p>
   </div>
   <div class='ocr_carea' id='block_1_4' title="bbox 61 893 792 1633">
    <p class='ocr_par' dir='ltr' id='par_1_4' title="bbox 62 893 692 1058">
     <span class='ocr_line' id='line_1_4' title="bbox 62 893 692 961; baseline 0 -15"><span class='ocrx_word' id='word_1_14' title='bbox 62 895 204 946; x_wconf 80' lang='lat' dir='ltr'><strong>retentavit</strong></span> <span class='ocrx_word' id='word_1_15' title='bbox 218 910 356 955; x_wconf 58' lang='lat' dir='ltr'><strong>numerum</strong></span> <span class='ocrx_word' id='word_1_16' title='bbox 372 893 520 961; x_wconf 80' lang='lat' dir='ltr'><strong>didicitque</strong></span> <span class='ocrx_word' id='word_1_17' title='bbox 534 901 673 947; x_wconf 81' lang='lat' dir='ltr'><strong>retentans</strong></span> <span class='ocrx_word' id='word_1_18' title='bbox 691 919 692 922; x_wconf 40' lang='lat'>¹</span> 
     </span>
     <span class='ocr_line' id='line_1_5' title="bbox 62 990 540 1058; baseline 0.004 -16"><span class='ocrx_word' id='word_1_19' title='bbox 62 998 160 1058; x_wconf 84' lang='lat' dir='ltr'><strong>gutum</strong></span> <span class='ocrx_word' id='word_1_20' title='bbox 172 990 225 1042; x_wconf 87' lang='lat' dir='ltr'><strong>fida</strong></span> <span class='ocrx_word' id='word_1_21' title='bbox 238 991 351 1044; x_wconf 83' lang='lat' dir='ltr'><strong>reddere</strong></span> <span class='ocrx_word' id='word_1_22' title='bbox 365 1007 433 1044; x_wconf 89' lang='lat' dir='ltr'><strong>voce</strong></span> <span class='ocrx_word' id='word_1_23' title='bbox 446 991 540 1044; x_wconf 76' lang='lat' dir='ltr'><strong>melos,</strong></span> 
     </span>
    </p>

    <p class='ocr_par' dir='ltr' id='par_1_5' title="bbox 62 1087 612 1150">
     <span class='ocr_line' id='line_1_6' title="bbox 62 1087 612 1150; baseline 0.005 -13"><span class='ocrx_word' id='word_1_24' title='bbox 62 1103 81 1138; x_wconf 71' lang='lat' dir='ltr'><strong>tr</strong></span> <span class='ocrx_word' id='word_1_25' title='bbox 94 1087 249 1140; x_wconf 84' lang='lat' dir='ltr'><strong>inassuetus</strong></span> <span class='ocrx_word' id='word_1_26' title='bbox 262 1088 372 1140; x_wconf 84' lang='lat' dir='ltr'><strong>rivalem</strong></span> <span class='ocrx_word' id='word_1_27' title='bbox 386 1088 465 1150; x_wconf 82' lang='lat' dir='ltr'><strong>ferre,</strong></span> <span class='ocrx_word' id='word_1_28' title='bbox 482 1088 612 1141; x_wconf 82' lang='lat' dir='ltr'><strong>misellam</strong></span> 
     </span>
    </p>

    <p class='ocr_par' dir='ltr' id='par_1_6' title="bbox 62 1183 671 1251">
     <span class='ocr_line' id='line_1_7' title="bbox 62 1183 671 1251; baseline 0.002 -17"><span class='ocrx_word' id='word_1_29' title='bbox 62 1183 159 1234; x_wconf 87' lang='lat' dir='ltr'><strong>andius</strong></span> <span class='ocrx_word' id='word_1_30' title='bbox 171 1183 205 1234; x_wconf 87' lang='lat' dir='ltr'><strong>ad</strong></span> <span class='ocrx_word' id='word_1_31' title='bbox 216 1199 325 1235; x_wconf 78' lang='lat' dir='ltr'><strong>carmen</strong></span> <span class='ocrx_word' id='word_1_32' title='bbox 338 1190 475 1250; x_wconf 83' lang='lat' dir='ltr'><strong>provocat,</strong></span> <span class='ocrx_word' id='word_1_33' title='bbox 493 1191 571 1251; x_wconf 83' lang='lat' dir='ltr'><strong>urget</strong></span> <span class='ocrx_word' id='word_1_34' title='bbox 584 1200 671 1236; x_wconf 82' lang='lat' dir='ltr'><strong>avem.</strong></span> 
     </span>
    </p>

    <p class='ocr_par' dir='ltr' id='par_1_7' title="bbox 61 1264 792 1443">
     <span class='ocr_line' id='line_1_8' title="bbox 62 1264 792 1349; baseline 0.001 -19"><span class='ocrx_word' id='word_1_35' title='bbox 62 1295 86 1330; x_wconf 82' lang='lat' dir='ltr'><strong>re</strong></span> <span class='ocrx_word' id='word_1_36' title='bbox 96 1264 177 1330; x_wconf 85' lang='lat' dir='ltr'><strong>etiam</strong></span> <span class='ocrx_word' id='word_1_37' title='bbox 187 1278 214 1330; x_wconf 90' lang='lat' dir='ltr'><strong>iu</strong></span> <span class='ocrx_word' id='word_1_38' title='bbox 225 1279 351 1331; x_wconf 89' lang='lat' dir='ltr'><strong>modulos</strong></span> <span class='ocrx_word' id='word_1_39' title='bbox 361 1279 457 1347; x_wconf 81' lang='lat' dir='ltr'><strong>surgis,</strong></span> <span class='ocrx_word' id='word_1_40' title='bbox 471 1279 637 1340; x_wconf 80' lang='lat' dir='ltr'><strong>Philomela;</strong></span> <span class='ocrx_word' id='word_1_41' title='bbox 651 1280 699 1332; x_wconf 91' lang='lat' dir='ltr'><strong>sed</strong></span> <span class='ocrx_word' id='word_1_42' title='bbox 708 1279 792 1349; x_wconf 88' lang='lat' dir='ltr'><strong>impar</strong></span> 
     </span>
     <span class='ocr_line' id='line_1_9' title="bbox 61 1374 609 1443; baseline 0.002 -17"><span class='ocrx_word' id='word_1_43' title='bbox 61 1374 137 1435; x_wconf 70' lang='lat' dir='ltr'><strong>rbus,</strong></span> <span class='ocrx_word' id='word_1_44' title='bbox 153 1374 207 1426; x_wconf 92' lang='lat' dir='ltr'><strong>heu</strong></span> <span class='ocrx_word' id='word_1_45' title='bbox 220 1375 313 1442; x_wconf 84' lang='lat' dir='ltr'><strong>impar,</strong></span> <span class='ocrx_word' id='word_1_46' title='bbox 330 1375 515 1443; x_wconf 85' lang='lat' dir='ltr'><strong>exanimisque</strong></span> <span class='ocrx_word' id='word_1_47' title='bbox 529 1375 609 1428; x_wconf 84' lang='lat' dir='ltr'><strong>cadis.</strong></span> 
     </span>
    </p>

    <p class='ocr_par' dir='ltr' id='par_1_8' title="bbox 62 1468 640 1523">
     <span class='ocr_line' id='line_1_10' title="bbox 62 1468 640 1523; baseline 0.005 -3"><span class='ocrx_word' id='word_1_48' title='bbox 62 1486 94 1521; x_wconf 85' lang='lat' dir='ltr'><strong>m</strong></span> <span class='ocrx_word' id='word_1_49' title='bbox 107 1468 262 1522; x_wconf 87' lang='lat' dir='ltr'><strong>certamen!</strong></span> <span class='ocrx_word' id='word_1_50' title='bbox 283 1470 367 1522; x_wconf 91' lang='lat' dir='ltr'><strong>tristis</strong></span> <span class='ocrx_word' id='word_1_51' title='bbox 380 1468 509 1522; x_wconf 85' lang='lat' dir='ltr'><strong>victoria!</strong></span> <span class='ocrx_word' id='word_1_52' title='bbox 531 1477 640 1523; x_wconf 89' lang='lat' dir='ltr'><strong>cantum</strong></span> 
     </span>
    </p>

    <p class='ocr_par' dir='ltr' id='par_1_9' title="bbox 61 1565 580 1633">
     <span class='ocr_line' id='line_1_11' title="bbox 61 1565 580 1633; baseline 0 -16"><span class='ocrx_word' id='word_1_53' title='bbox 61 1565 151 1617; x_wconf 91' lang='lat' dir='ltr'><strong>duerit</strong></span> <span class='ocrx_word' id='word_1_54' title='bbox 162 1573 254 1633; x_wconf 87' lang='lat' dir='ltr'><strong>pastor</strong></span> <span class='ocrx_word' id='word_1_55' title='bbox 266 1582 322 1617; x_wconf 89' lang='lat' dir='ltr'><strong>non</strong></span> <span class='ocrx_word' id='word_1_56' title='bbox 335 1568 479 1632; x_wconf 75' lang='lat' dir='ltr'><strong>superdsse</strong></span> <span class='ocrx_word' id='word_1_57' title='bbox 493 1572 580 1618; x_wconf 88' lang='lat' dir='ltr'><strong>tuum.</strong></span> 
     </span>
    </p>
   </div>
   <div class='ocr_carea' id='block_1_5' title="bbox 295 1947 482 2000">
    <p class='ocr_par' dir='ltr' id='par_1_10' title="bbox 295 1947 482 2000">
     <span class='ocr_line' id='line_1_12' title="bbox 295 1947 482 2000; baseline -0.005 -1"><span class='ocrx_word' id='word_1_58' title='bbox 295 1947 482 2000; x_wconf 84' lang='lat' dir='ltr'>PYRAMIS.</span> 
     </span>
    </p>
   </div>
   <div class='ocr_carea' id='block_1_6' title="bbox 61 2104 790 2844">
    <p class='ocr_par' dir='ltr' id='par_1_11' title="bbox 62 2104 707 2172">
     <span class='ocr_line' id='line_1_13' title="bbox 62 2104 707 2172; baseline 0.002 -15"><span class='ocrx_word' id='word_1_59' title='bbox 62 2121 163 2157; x_wconf 34' lang='lat' dir='ltr'><strong>ruruuu</strong></span> <span class='ocrx_word' id='word_1_60' title='bbox 176 2111 310 2172; x_wconf 91' lang='lat' dir='ltr'><strong>sumptus,</strong></span> <span class='ocrx_word' id='word_1_61' title='bbox 326 2105 359 2157; x_wconf 79' lang='lat' dir='ltr'><strong>ad</strong></span> <span class='ocrx_word' id='word_1_62' title='bbox 373 2105 468 2156; x_wconf 86' lang='lat' dir='ltr'><strong>coelum</strong></span> <span class='ocrx_word' id='word_1_63' title='bbox 484 2111 511 2156; x_wconf 91' lang='lat' dir='ltr'><strong>et</strong></span> <span class='ocrx_word' id='word_1_64' title='bbox 523 2104 612 2157; x_wconf 78' lang='lat' dir='ltr'><strong>sidera</strong></span> <span class='ocrx_word' id='word_1_65' title='bbox 623 2105 707 2167; x_wconf 86' lang='lat' dir='ltr'><strong>ducti,</strong></span> 
     </span>
    </p>

    <p class='ocr_par' dir='ltr' id='par_1_12' title="bbox 62 2200 790 2445">
     <span class='ocr_line' id='line_1_14' title="bbox 62 2200 709 2268; baseline 0.003 -16"><span class='ocrx_word' id='word_1_66' title='bbox 62 2202 99 2253; x_wconf 85' lang='lat' dir='ltr'><strong>rid</strong></span> <span class='ocrx_word' id='word_1_67' title='bbox 113 2201 225 2268; x_wconf 85' lang='lat' dir='ltr'><strong>dignum</strong></span> <span class='ocrx_word' id='word_1_68' title='bbox 239 2207 313 2253; x_wconf 82' lang='lat' dir='ltr'><strong>tanta</strong></span> <span class='ocrx_word' id='word_1_69' title='bbox 327 2200 406 2261; x_wconf 91' lang='lat' dir='ltr'><strong>mole,</strong></span> <span class='ocrx_word' id='word_1_70' title='bbox 422 2201 488 2268; x_wconf 93' lang='lat' dir='ltr'><strong>quid</strong></span> <span class='ocrx_word' id='word_1_71' title='bbox 501 2201 575 2253; x_wconf 92' lang='lat' dir='ltr'><strong>intus</strong></span> <span class='ocrx_word' id='word_1_72' title='bbox 588 2201 709 2254; x_wconf 87' lang='lat' dir='ltr'><strong>habent?</strong></span> 
     </span>
     <span class='ocr_line' id='line_1_15' title="bbox 70 2297 790 2364; baseline 0.003 -16"><span class='ocrx_word' id='word_1_73' title='bbox 70 2297 137 2348; x_wconf 88' lang='lat' dir='ltr'><strong>nihil</strong></span> <span class='ocrx_word' id='word_1_74' title='bbox 147 2298 221 2349; x_wconf 89' lang='lat' dir='ltr'><strong>iutus</strong></span> <span class='ocrx_word' id='word_1_75' title='bbox 230 2297 339 2357; x_wconf 83' lang='lat' dir='ltr'><strong>habent,</strong></span> <span class='ocrx_word' id='word_1_76' title='bbox 353 2297 403 2349; x_wconf 88' lang='lat' dir='ltr'><strong>nisi</strong></span> <span class='ocrx_word' id='word_1_77' title='bbox 415 2297 521 2364; x_wconf 85' lang='lat' dir='ltr'><strong>nigrum</strong></span> <span class='ocrx_word' id='word_1_78' title='bbox 534 2297 651 2350; x_wconf 83' lang='lat' dir='ltr'><strong>informe</strong></span> <span class='ocrx_word' id='word_1_79' title='bbox 663 2300 790 2357; x_wconf 69' lang='lat' dir='ltr'><strong>cuderem</strong></span> 
     </span>
     <span class='ocr_line' id='line_1_16' title="bbox 62 2392 615 2445; baseline -0.002 0"><span class='ocrx_word' id='word_1_80' title='bbox 62 2401 127 2445; x_wconf 75' lang='lat' dir='ltr'><strong>trata</strong></span> <span class='ocrx_word' id='word_1_81' title='bbox 140 2394 167 2444; x_wconf 92' lang='lat' dir='ltr'><strong>in</strong></span> <span class='ocrx_word' id='word_1_82' title='bbox 180 2409 276 2445; x_wconf 80' lang='lat' dir='ltr'><strong>saxum</strong></span> <span class='ocrx_word' id='word_1_83' title='bbox 289 2399 330 2444; x_wconf 93' lang='lat' dir='ltr'><strong>est</strong></span> <span class='ocrx_word' id='word_1_84' title='bbox 343 2392 388 2444; x_wconf 82' lang='lat' dir='ltr'><strong>cui</strong></span> <span class='ocrx_word' id='word_1_85' title='bbox 400 2392 532 2444; x_wconf 83' lang='lat' dir='ltr'><strong>medicata</strong></span> <span class='ocrx_word' id='word_1_86' title='bbox 544 2408 615 2445; x_wconf 82' lang='lat' dir='ltr'><strong>caro.</strong></span> 
     </span>
    </p>

    <p class='ocr_par' dir='ltr' id='par_1_13' title="bbox 62 2486 712 2556">
     <span class='ocr_line' id='line_1_17' title="bbox 62 2486 712 2556; baseline -0.002 -15"><span class='ocrx_word' id='word_1_87' title='bbox 62 2506 97 2541; x_wconf 90' lang='lat' dir='ltr'><strong>ne</strong></span> <span class='ocrx_word' id='word_1_88' title='bbox 110 2489 256 2556; x_wconf 88' lang='lat' dir='ltr'><strong>porrigitur</strong></span> <span class='ocrx_word' id='word_1_89' title='bbox 268 2495 478 2540; x_wconf 88' lang='lat' dir='ltr'><strong>monumentum</strong></span> <span class='ocrx_word' id='word_1_90' title='bbox 490 2486 518 2538; x_wconf 91' lang='lat' dir='ltr'><strong>in</strong></span> <span class='ocrx_word' id='word_1_91' title='bbox 527 2486 626 2554; x_wconf 87' lang='lat' dir='ltr'><strong>jugera</strong></span> <span class='ocrx_word' id='word_1_92' title='bbox 637 2487 712 2540; x_wconf 81' lang='lat' dir='ltr'><strong>total</strong></span> 
     </span>
    </p>

    <p class='ocr_par' dir='ltr' id='par_1_14' title="bbox 61 2581 666 2653">
     <span class='ocr_line' id='line_1_18' title="bbox 61 2581 666 2653; baseline -0.005 -16"><span class='ocrx_word' id='word_1_93' title='bbox 61 2601 97 2653; x_wconf 87' lang='lat' dir='ltr'><strong>go</strong></span> <span class='ocrx_word' id='word_1_94' title='bbox 110 2592 152 2637; x_wconf 89' lang='lat' dir='ltr'><strong>tot</strong></span> <span class='ocrx_word' id='word_1_95' title='bbox 164 2601 306 2645; x_wconf 83' lang='lat' dir='ltr'><strong>annorum,</strong></span> <span class='ocrx_word' id='word_1_96' title='bbox 322 2591 364 2636; x_wconf 92' lang='lat' dir='ltr'><strong>tot</strong></span> <span class='ocrx_word' id='word_1_97' title='bbox 376 2598 562 2650; x_wconf 84' lang='lat' dir='ltr'><strong>manuumque</strong></span> <span class='ocrx_word' id='word_1_98' title='bbox 575 2581 666 2635; x_wconf 82' lang='lat' dir='ltr'><strong>labori</strong></span> 
     </span>
    </p>

    <p class='ocr_par' dir='ltr' id='par_1_15' title="bbox 62 2679 703 2844">
     <span class='ocr_line' id='line_1_19' title="bbox 62 2679 703 2747; baseline -0.003 -15"><span class='ocrx_word' id='word_1_99' title='bbox 62 2697 97 2746; x_wconf 68' lang='lat' dir='ltr'><strong>:ra</strong></span> <span class='ocrx_word' id='word_1_100' title='bbox 109 2681 143 2733; x_wconf 92' lang='lat' dir='ltr'><strong>sit</strong></span> <span class='ocrx_word' id='word_1_101' title='bbox 157 2697 263 2732; x_wconf 89' lang='lat' dir='ltr'><strong>morum</strong></span> <span class='ocrx_word' id='word_1_102' title='bbox 276 2680 324 2732; x_wconf 90' lang='lat' dir='ltr'><strong>tibi</strong></span> <span class='ocrx_word' id='word_1_103' title='bbox 338 2680 408 2737; x_wconf 87' lang='lat' dir='ltr'><strong>vita;</strong></span> <span class='ocrx_word' id='word_1_104' title='bbox 429 2679 484 2731; x_wconf 82' lang='lat' dir='ltr'><strong>haec</strong></span> <span class='ocrx_word' id='word_1_105' title='bbox 496 2679 615 2747; x_wconf 88' lang='lat' dir='ltr'><strong>pyramis</strong></span> <span class='ocrx_word' id='word_1_106' title='bbox 629 2686 703 2732; x_wconf 81' lang='lat' dir='ltr'><strong>esto:</strong></span> 
     </span>
     <span class='ocr_line' id='line_1_20' title="bbox 70 2774 640 2844; baseline -0.005 -15"><span class='ocrx_word' id='word_1_107' title='bbox 70 2784 201 2844; x_wconf 86' lang='lat' dir='ltr'><strong>poterunt</strong></span> <span class='ocrx_word' id='word_1_108' title='bbox 214 2776 321 2829; x_wconf 90' lang='lat' dir='ltr'><strong>tumulo</strong></span> <span class='ocrx_word' id='word_1_109' title='bbox 334 2792 383 2828; x_wconf 84' lang='lat' dir='ltr'><strong>sex</strong></span> <span class='ocrx_word' id='word_1_110' title='bbox 395 2775 459 2827; x_wconf 80' lang='lat' dir='ltr'><strong>satis</strong></span> <span class='ocrx_word' id='word_1_111' title='bbox 473 2790 533 2828; x_wconf 84' lang='lat' dir='ltr'><strong>esse</strong></span> <span class='ocrx_word' id='word_1_112' title='bbox 545 2774 640 2842; x_wconf 83' lang='lat' dir='ltr'><strong>pedes.</strong></span> 
     </span>
    </p>
   </div>
   <div class='ocr_carea' id='block_1_7' title="bbox 0 0 920 3216">
    <p class='ocr_par' dir='ltr' id='par_1_16' title="bbox 0 0 920 3216">
     <span class='ocr_line' id='line_1_21' title="bbox 0 0 920 3216; baseline 0 0"><span class='ocrx_word' id='word_1_113' title='bbox 0 0 920 3216; x_wconf 95' lang='lat' dir='ltr'><strong> </strong></span> 
     </span>
    </p>
   </div>
  </div>
 </body>
</html>
