1830 3216
89 109 141 158 284
310 121 443 157 arraudus
461 121 597 169 currorus,
617 123 678 159 arc.

91 260 217 327 Improba
228 260 349 313 latrantis
361 260 494 313 stomachi
506 277 569 314 curn
582 268 736 313 murmurat
749 259 794 321 ira,

126 356 236 424 (Usque
248 357 316 408 adeo
328 372 372 409 res
385 362 426 409 est
439 356 582 424 imperiosa
592 355 692 422 sames)

90 451 320 506 Divertor-mihi
332 469 442 515 coenam,
459 460 486 506 et
500 468 571 521 equo
584 469 634 506 sua
646 451 745 520 pabula
756 467 852 519 poscor

128 549 190 601 Neu
203 549 272 601 mala
284 548 434 611 defraudet,
449 549 515 611 viso,
531 549 627 611 reviso,
642 564 750 600 manus.

91 644 212 712 Seligere
224 652 266 698 est
278 645 380 698 lectum
393 645 459 698 mihi
470 645 592 713 proxima
604 661 677 707 cura,
693 645 822 712 laborque

127 738 277 793 Detrahere
290 746 331 793 est
344 757 436 793 ocreas
448 741 651 808 proximus-et
662 740 739 792 labor
752 749 799 794 est

93 836 234 888 Accumbo
254 843 397 888 coenae-et
416 851 523 889 mecum
543 836 650 903 hospes,
672 851 721 888 seu
743 850 816 903 rogo,
831 850 875 886 seu
900 903 903 908 ι

196 947 252 982 non
262 953 268 982 ι

126 1025 163 1077 Et
176 1025 249 1088 bibit,
265 1031 292 1078 et
304 1025 430 1087 comedit,
446 1026 506 1094 plus
518 1033 609 1079 tamen
621 1026 667 1078 ille
679 1025 756 1079 bibit.

92 1121 157 1174 Cras
171 1122 253 1184 venit,
268 1130 296 1176 et
308 1122 608 1190 schedula-Imprimis
618 1122 684 1175 mihi
696 1123 887 1190 panis-Item-

196 1235 250 1287 que

127 1315 329 1368 Pullus-Item
342 1315 510 1368 vinum-nil
522 1315 574 1369 nisi
586 1332 648 1368 cum
659 1317 759 1383 pretio.

91 1411 182 1472 Solvo,
199 1411 365 1463 enchiridion
376 1412 476 1479 repleo,
492 1411 609 1473 discedo
625 1411 714 1464 salute

128 1506 249 1573 Accepta
261 1512 288 1558 et
301 1505 469 1558 dicta-vive
481 1505 699 1574 valeque-vale.

449 1643 529 1678 PUER·

92 1747 132 1799 Te
146 1754 211 1800 tuus
224 1753 350 1814 expectat
362 1746 479 1814 sonipes,
494 1746 635 1813 nescitque
648 1747 749 1800 morari

126 1842 308 1910 Impatiens-

443 1965 533 2000 curro.

340 2067 371 2121 In
385 2085 495 2121 menon
508 2067 559 2120 erit
571 2067 626 2120 ulla
638 2083 723 2120 mora.

89 2165 144 2218 Vos
157 2165 256 2233 quibus
268 2164 419 2232 hospitibus
429 2163 538 2232 placidis
551 2169 580 2216 et
593 2163 721 2217 suavibus
735 2171 808 2226 utor,

125 2259 192 2312 Este
204 2260 320 2321 salutati,
335 2259 415 2312 docta
427 2275 534 2322 corona,
550 2258 623 2310 mihi.

90 2355 165 2417 Este,
181 2371 197 2407 0
210 2361 372 2422 spectantes,
387 2354 491 2413 animis,
507 2355 580 2422 quod
594 2360 622 2406 et
634 2353 707 2413 estis,
723 2353 825 2416 amicis,

124 2449 161 2501 Et
172 2449 243 2516 pede
255 2448 397 2511 inoffenso,
412 2448 502 2510 dicite,
517 2464 601 2517 perge
611 2449 738 2500 domum:

90 2544 202 2612 Accipio
213 2543 279 2597 felix
292 2560 380 2606 omen,
394 2544 547 2613 plausuque
561 2543 692 2605 secundo,

127 2638 190 2698 Quo
203 2655 313 2692 cursum
326 2638 439 2701 institui,
453 2654 538 2706 pergo
551 2638 637 2691 viator
649 2638 708 2690 iter.

88 2734 176 2787 Vivite
188 2734 297 2795 felices;
318 2751 368 2803 ego
381 2736 600 2805 quandocunque
613 2735 714 2796 redibo,

111 2832 228 2891 Devoto
243 2834 321 2891 vobis
336 2832 430 2896 corde,
443 2831 539 2887 redibo
548 2830 636 2884 brito.
