1830 3216
256 109 322 148 rrnn
342 112 393 148 run
412 111 538 148 mmsis.
752 99 801 148 149

10 254 145 322 riagnifica
156 261 285 321 apparent
298 254 386 321 operis
400 260 585 314 monumenta,
601 252 753 319 domusque

10 349 129 418 dnjestos
141 349 260 417 antiqua,
274 348 338 416 ipsis
352 348 506 401 venerando
519 347 613 400 ruinis.

10 447 58 498 tec
68 447 164 513 procul
175 446 237 499 hinc
251 446 364 498 excelsae
376 461 460 506 arces,
475 445 648 512 spatiosaque
658 461 718 497 sese

10 544 77 595 itria
86 542 201 610 justitiae
215 543 323 604 tollunt,
340 543 387 595 ubi
399 543 489 594 fronte
502 559 597 595 severa

10 639 119 700 issidet
136 646 163 690 et
175 639 271 691 dextra
283 645 359 692 tenet
372 655 475 707 aequam
492 639 590 690 Astrea
602 637 742 690 bilancem.

10 735 86 789 tecta
98 752 179 802 super
193 736 290 803 triplex
303 737 389 804 surgit
402 752 456 804 qua
468 736 558 803 cuspis
571 736 597 787 in
612 751 698 797 auras,

10 831 52 884 iic
65 838 147 899 caput
160 831 289 885 effossum
302 832 409 884 tumulo
422 831 507 884 fixere
521 831 627 884 rebellis

10 927 170 987 Jromweui;
191 927 320 980 indicium
333 928 443 980 sceleris
456 944 511 979 non
525 944 634 994 prorsus
648 925 735 984 inulti.

10 1023 38 1075 it
51 1023 164 1075 nimium
179 1040 244 1076 serae
258 1031 335 1076 tanto
349 1041 396 1092 pro
410 1023 625 1091 criminepoenae.

10 1118 57 1172 ias
70 1119 234 1186 praeterlapsi
246 1120 325 1172 sedes
338 1119 504 1171 advertimnr
517 1119 570 1171 iilic
608 1187 611 1194 .

10 1215 63 1275 Quo
77 1221 179 1266 coeunt
192 1231 325 1282 proceres,
342 1222 372 1267 ut
385 1231 476 1267 curam
490 1216 648 1282 impendere
661 1216 773 1283 possint,

10 1311 35 1362 tt
47 1310 139 1377 patriae
151 1310 321 1378 populisque,
337 1317 365 1363 et
378 1327 421 1363 res
434 1327 598 1377 componere
612 1311 696 1378 regni.

10 1406 98 1460 iobile
110 1414 164 1458 stat
173 1407 253 1474 juxta
267 1406 380 1467 Fanum,
395 1414 533 1459 structura
545 1406 679 1458 columnis

10 1503 101 1563 trdus,
117 1502 282 1569 principibus
291 1502 413 1555 cinerum
426 1502 556 1554 fidissima
569 1509 678 1555 custos:

10 1597 52 1650 dic
62 1597 148 1650 nostri
161 1598 296 1665 accipiunt
309 1614 395 1666 reges,
410 1604 571 1666 ponuntque
584 1614 721 1651 coronam.

10 1693 113 1762 'amque
126 1694 222 1748 domus
235 1694 316 1747 celeri
329 1701 404 1746 motu
419 1694 558 1748 discedere
572 1695 632 1748 visae

10 1789 197 1858 'tambethique
209 1791 288 1849 sdes,
302 1791 399 1858 palatia
411 1791 525 1858 praesuie
538 1792 618 1860 digna
630 1814 636 1842 ε

10 1886 34 1939 it
46 1903 140 1940 canam
154 1888 324 1940 abscondunt
337 1889 432 1940 urbem
446 1888 591 1942 subeuntia
600 1895 682 1956 prata.

10 1981 130 2035 ’aulatim
143 1982 253 2051 fugiunt
265 1990 362 2045 turres
378 1985 532 2053 summique
546 1985 672 2038 videntur

10 2078 121 2132 iiminni
133 2079 296 2146 templorum
308 2080 397 2147 apices
408 2102 415 2139 ;
437 2088 527 2133 manet
541 2081 621 2134 unica
636 2083 714 2136 Pauli

10 2172 31 2225 it
43 2174 127 2242 longe
140 2173 251 2242 effulget
264 2175 374 2245 reliquis
387 2177 558 2244 conspectior
571 2178 650 2231 aedes.

10 2271 68 2324 {inc
82 2271 165 2324 tardae
176 2273 280 2339 patiens
293 2289 388 2339 operae,
403 2290 454 2327 nec
468 2275 545 2328 taedia
557 2277 696 2338 damnans,

10 2367 118 2420 ‘iscator
131 2368 206 2420 solus
216 2385 325 2422 summo
337 2370 485 2423 consistere
499 2372 555 2439 ripa

10 2466 133 2526 tremitur,
149 2465 270 2520 intentus
284 2468 374 2521 studio
387 2469 410 2521 si
422 2471 556 2537 prendere
568 2471 653 2538 possit

10 2561 170 2623 'isciculum
187 2563 230 2615 vel
241 2561 314 2616 sorte
327 2568 421 2632 vegam
435 2565 458 2617 si
469 2565 563 2619 fallere
576 2568 711 2634 praedam:

10 2658 54 2711 iec
66 2657 172 2726 lepidos
185 2659 254 2712 risus
266 2667 314 2712 aut
327 2661 448 2728 improba
460 2670 608 2715 scommata
621 2672 706 2725 curat,

10 2757 48 2809 »ed
62 2755 163 2808 salibus
176 2758 330 2824 respondet,
346 2765 373 2812 et
386 2758 443 2826 ipse
455 2760 599 2828 aliquando
611 2761 732 2830 jocosus.

10 2855 155 2910 >caumont
169 2867 255 2918 seque
267 2855 376 2908 alterno
390 2857 514 2914 clamore
529 2860 656 2915 saiutnnt

10 2949 89 2998 mtae;
110 2958 161 2992 nec
172 2961 234 2998 raro
248 2959 349 3005 noster
365 2959 518 3015 mordacia
533 2979 649 3025 remex,
850 2958 864 3035 i

691 3070 712 3102 o
723 3054 746 3100 (t
