1830 3216
55 107 104 155 180
358 118 557 156 cannararccs.

55 261 209 322 Immemor,
225 261 347 315 AEolidaa
359 261 465 330 stupuit
478 261 664 315 modulamina
675 262 780 331 plectri,

56 356 116 409 Nec
129 357 214 410 sensit
226 356 330 411 funesti
341 374 426 412 onera
437 357 625 413 incumbentia
636 358 709 413 saxi.

54 453 130 521 Saepe
142 453 314 507 interventus
326 453 417 509 rheda
428 454 593 523 crepitantis,
607 454 704 509 abillo

53 548 191 610 vicorum,
206 555 253 602 aut
265 549 320 611 iiio,
336 548 481 617 stipantem
494 548 637 603 hincinde
648 556 783 605 catenam

53 643 175 704 Dividit,
194 652 221 696 at
234 660 329 699 rursus
341 652 457 708 coeunt,
466 645 514 699 ubi
524 644 632 699 transiit
644 644 699 709 iila,

54 739 92 793 Ut
104 747 206 793 coeunt
220 756 322 803 rursus,
336 741 435 810 puppis
446 756 513 810 quas
525 740 630 804 dividit,
644 740 738 795 undu.

90 835 237 889 Canticuiae
250 837 356 890 interea
367 844 523 891 narraverat
533 843 732 906 argumentum

53 933 148 986 Altera
164 934 299 996 Sirenum,
317 934 395 987 infidi
405 934 525 1005 perjuria
535 941 634 995 muta,

51 1027 257 1097 Deceptamque
270 1030 333 1083 dolo
345 1030 511 1100 nymphamr
531 1036 591 1083 turn
600 1028 696 1085 iiebilc
707 1044 810 1085 mmm

51 1125 197 1178 Flebilibus
210 1127 295 1180 movit
307 1127 437 1189 numeris,
452 1142 522 1195 quos
532 1126 619 1181 altera
629 1142 716 1181 versu
829 1190 834 1197 ,

53 1222 168 1274 Alterno
182 1222 304 1291 excepit:
328 1222 427 1292 patulis
438 1229 513 1277 stant
524 1222 639 1277 rictibus
649 1238 765 1279 omnus

50 1317 182 1371 Dextram
197 1320 241 1373 ille
253 1319 377 1382 acclinat,
391 1319 485 1373 larvam
497 1320 543 1373 ilie
554 1318 691 1375 attentius
702 1334 802 1381 uuam.

54 1415 221 1468 Promissum
235 1433 344 1470 carmen
358 1422 466 1485 captare
478 1414 588 1484 paratus
599 1414 688 1471 biatu.
716 1428 719 1433 '

52 1511 149 1581 Longa
161 1511 262 1565 referre
275 1529 351 1567 mora
363 1520 413 1576 est,
428 1512 550 1567 animum
562 1528 617 1583 qua
628 1512 728 1567 vicent
737 1518 795 1569 aris

52 1608 209 1676 virgineum
220 1608 340 1678 juvenis.
378 1609 440 1663 Jam
452 1616 571 1678 poscunt
584 1608 710 1681 undique
720 1608 821 1665 cinth

51 1705 190 1758 Protensae
203 1713 358 1774 emptorum
371 1706 482 1768 dextra,
497 1722 564 1776 quas
576 1706 623 1761 illa
634 1705 679 1761 vsi
690 1704 740 1761 iiia

50 1802 204 1858 Distribuit.
220 1810 366 1872 cantatque
378 1802 478 1857 simui:
499 1800 775 1872 requererreustrn

51 1897 101 1951 Est
114 1917 228 1968 usquam
241 1901 356 1964 auditor,
372 1900 459 1955 dulcis
471 1901 517 1955 cui
527 1900 591 1955 lene
602 1914 728 1955 mmoena

52 1995 114 2046 Non
128 1994 237 2048 adhibet
249 2002 427 2057 tormentum,
443 2002 471 2049 et
481 1994 616 2049 furtivum
628 1994 705 2049 elicit
715 2010 812 2051 m

52 2091 112 2143 Stat
125 2090 228 2143 medios
242 2092 321 2153 inter,
336 2091 490 2160 baculoque
501 2090 629 2145 innititur
642 2090 724 2153 irnss
789 2088 793 2093 ’

52 2187 111 2240 Nec
123 2193 215 2239 tamen
228 2188 272 2241 hic
283 2187 375 2241 loculo
389 2188 482 2256 parcit,
496 2188 546 2242 sed
557 2186 689 2257 prodigus
700 2186 762 2243 ub
837 2248 842 2257 ,

51 2284 166 2352 Emptor
179 2285 264 2347 adest,
279 2285 360 2339 solvit
372 2284 500 2354 pretium,
515 2299 681 2353 carmenque
693 2282 816 2355 equirii·

51 2379 118 2431 Fors
129 2380 211 2448 juxta
223 2381 345 2434 adstabat
358 2380 451 2434 vetula
462 2379 617 2434 iracundior
629 2394 728 2449 inquot

54 2477 122 2536 Quoe
135 2475 227 2528 loculo
240 2493 273 2529 ex
287 2477 341 2529 imo
353 2476 479 2539 invitum,
493 2476 664 2546 longumque
674 2474 809 2531 latentur

51 2572 224 2641 Depromens
234 2574 279 2626 vix
287 2574 398 2627 tandem
405 2573 525 2636 obolum,
539 2570 777 2637 “Cedo,i'omine‚
784 2566 855 2627 M·

123 2671 206 2731 tam,”

54 2765 162 2834 lnquit;
185 2773 215 2818 ut
228 2772 359 2818 aternum
372 2771 583 2819 monumentum
595 2763 624 2817 in
635 2762 725 2832 pariet
735 2762 826 2833 figam,

40 2862 113 2917 Cum
128 2863 234 2920 iuribus
248 2879 419 2919 mansurum
433 2860 513 2931 ipsis,
526 2874 611 2928 cumn
619 2854 860 2923 credmmss

21 2959 150 3019 Pectora
165 2965 228 3021 sint
239 2989 247 3030 ;
272 2962 391 3022 itandis
402 2974 494 3034 qnam
502 2954 601 3027 piem·
613 2955 646 3002 δῖ
653 2944 869 3013 Wffissffl*
904 2988 910 2997 ·
