1830 3216
329 104 442 142 rurusrs
461 104 495 140 rr
513 104 612 142 cuma.
834 93 869 142 49

70 239 207 296 Promisso
221 241 356 311 quianam,
371 242 450 296 nimis
462 242 512 296 ahl
538 243 691 311 promissor,
706 259 805 307 amore,

105 339 223 394 Polliciti
235 346 343 408 poteras
355 340 496 394 immemor
509 357 569 394 esse
580 340 643 394 tui?

69 437 199 492 Laudatis
212 437 347 507 quianam,
362 438 441 492 nimis
453 437 504 492 ahl
529 439 660 500 laudator,
675 438 766 492 ocellis

103 535 238 605 Extingui
249 535 336 589 multo
349 552 443 604 passus
456 552 485 591 es
498 537 583 590 imbre
594 536 686 590 faces?

66 727 167 782 Dicere
179 745 229 782 cur
241 735 356 796 poteras,
370 729 470 783 labium
482 729 531 782 tibi
544 745 627 782 suave
640 729 772 789 rubescit;

102 826 140 878 Et
151 825 224 888 lacit,
239 834 270 880 ut
283 827 360 880 cedat
372 842 490 895 purpura
502 825 642 894 pallidior?

66 923 167 978 Dicere
179 941 229 977 cur
241 924 369 992 poteras?
395 931 422 977 et
435 941 494 992 ego,
509 924 591 986 rudis,
607 924 690 976 inscia
702 924 785 993 virge,

103 1021 161 1076 Cur
174 1022 304 1076 blandum
316 1021 408 1091 adjuvi
420 1021 579 1076 credulitate
592 1019 706 1075 dolum?

65 1214 151 1267 Nulla
161 1214 235 1276 mihi,
251 1212 321 1267 heu!
347 1215 425 1268 floret
436 1214 526 1275 facies,
543 1230 601 1282 quae
612 1213 721 1267 duruit:
747 1214 828 1268 eece!

103 1310 172 1371 Quae
184 1311 310 1373 rubuere,
324 1309 391 1363 mihi
403 1311 478 1364 nulla
488 1310 584 1364 labella
596 1311 703 1363 rubent.

64 1407 143 1461 Mors
155 1407 311 1476 obsignatus
322 1407 441 1461 tenebris
453 1407 519 1460 milri
532 1407 627 1461 clausit
640 1408 756 1470 ocellos;

100 1503 196 1558 Gratia
208 1505 320 1558 deserta
332 1521 382 1558 nec
396 1521 477 1573 super
490 1521 545 1558 una
555 1521 632 1573 gena
644 1513 693 1559 est.

63 1697 221 1752 Germanus
233 1696 300 1750 mihi
311 1697 409 1750 vermis
422 1698 498 1758 edax,
514 1697 667 1765 depascitur
679 1705 753 1751 artus

100 1794 256 1862 Cognatus;
283 1810 334 1846 nec
345 1792 434 1846 adhue
447 1799 488 1846 est
501 1792 595 1846 satiata
606 1791 708 1846 fames:

61 1890 99 1944 Et
111 1890 207 1959 gelida
219 1897 246 1944 et
257 1890 344 1958 longa
356 1896 459 1943 restant
470 1889 536 1942 mihi
549 1890 625 1943 taedia
637 1891 732 1953 noetis,

97 1987 174 2040 Dum
188 1993 297 2040 noctem
311 1985 424 2053 excipiat
437 1986 524 2054 longa,
540 2003 672 2054 suprema,
688 1986 752 2040 dies.

60 2183 117 2237 Sed
130 2189 221 2244 cautu,
236 2179 380 2234 audistin’?
405 2181 510 2233 monuit
523 2197 566 2233 me
579 2179 664 2248 gallus
676 2179 763 2238 abire;

97 2275 208 2346 Thp'rsi,
224 2276 299 2336 vale;
325 2276 445 2344 longum,
461 2275 562 2343 perfide
577 2276 685 2345 Thyrsi,
701 2275 775 2331 vale!

58 2373 125 2427 Vise
137 2380 237 2436 tamen,
251 2374 360 2427 tumulo
372 2390 452 2442 quam
465 2374 500 2427 sit
513 2373 620 2427 defossa
631 2373 774 2441 profundo,

98 2470 167 2532 Qua
178 2470 308 2524 miserum
320 2470 433 2539 urgebat
444 2470 527 2524 funus
540 2487 631 2523 amore
643 2470 692 2523 tui.

54 2662 120 2717 ,lam
134 2663 257 2716 volucres
271 2663 403 2724 cecinere,
418 2669 445 2716 et
457 2662 593 2715 festinavit
605 2664 638 2715 ab
651 2671 722 2723 ortu,

95 2759 238 2828 Purpureo
251 2758 316 2822 risu,
331 2759 372 2812 sol
384 2759 488 2830 aperire
501 2758 595 2824 diem,

53 2855 173 2908 Pallidus
184 2856 328 2928 obstupuit
344 2859 476 2936 Thyrsis,
487 2863 698 2936 tremulusque
709 2857 801 2916 aulida

72 2950 133 3014 (Ab
146 2956 275 3013 tremori
304 2960 343 3020 alr
357 2966 455 3038 pallor
471 2971 618 3028 conscius
626 2966 653 3040 ll
669 2960 781 3022 eruut.

814 3072 831 3108 r
