1830 3216
159 514 329 573 MUNDUS
350 517 433 573 NON
455 515 549 570 FUIT
571 515 622 568 AB
641 508 830 570 AETERNO.

91 727 160 781 Dou
172 729 272 797 patrios
284 729 329 782 alii
340 729 464 783 letentur
476 729 587 783 volvere
598 727 692 788 festos.

96 823 299 893 Auctoremque
311 842 367 878 suae
378 826 565 879 venerandum
578 824 722 893 exquirere
734 822 832 892 gentis,

93 919 152 972 Nos
164 919 306 973 hominum
319 937 492 975 communem
508 921 670 989 investigare
682 926 824 988 parentem

95 1015 168 1075 Quid
180 1021 262 1076 vetet,
276 1015 441 1084 intentisque
454 1016 564 1070 exordia
575 1016 694 1084 pendere
706 1012 825 1067 mundi?

130 1111 168 1163 At
179 1111 239 1178 quis
252 1117 306 1163 tem
319 1110 403 1164 stulte
415 1111 530 1178 sepiens,
546 1110 592 1178 qui
604 1109 713 1162 finxerit
726 1108 800 1162 orbis

94 1206 172 1258 Hane
185 1205 281 1259 faeiem
294 1204 437 1273 plusquam
450 1211 579 1266 veterem,
594 1210 779 1270 aeternemque
790 1199 873 1256 teneri

93 1302 204 1355 Foedere
217 1302 357 1354 materiem
369 1299 464 1354 fatali?
483 1300 592 1369 quando
605 1301 705 1353 decore

93 1399 165 1452 Tota
173 1398 321 1466 juventute
334 1397 438 1452 exultet
451 1404 548 1450 nature
559 1396 697 1464 vigetque.

129 1495 289 1563 Spectemus
302 1494 387 1547 solem
398 1515 405 1554 ς
426 1493 486 1562 quis
499 1493 572 1555 solis,
585 1492 689 1560 origine
701 1491 785 1553 nulla,

92 1589 208 1659 Fulgore
221 1597 376 1659 perpetuos,
390 1597 422 1643 ut
436 1590 531 1652 Veste,
547 1588 645 1642 dixerit
657 1586 758 1656 ignes?

94 1685 118 1738 A
133 1702 188 1754 quo
200 1685 340 1752 predones
353 1684 475 1738 referunt
488 1684 553 1736 dum
566 1682 639 1736 turta
651 1688 765 1735 oometae

92 1779 183 1848 Ignea,
199 1778 324 1832 diffundit
337 1779 425 1833 radios
437 1779 504 1831 dum
515 1777 644 1846 prodigus
656 1776 723 1845 ipse,

93 1873 166 1928 Olim
180 1874 308 1927 deficeret
319 1873 387 1927 lueis
399 1874 447 1926 lux
459 1873 517 1941 ipse
527 1877 667 1940 parentem
681 1893 687 1924 r

94 1969 153 2021 Nec
167 1985 226 2029 nos,
244 1968 288 2034 (ut
301 1975 380 2021 vetus
392 1967 413 2020 it
425 1968 460 2020 de
472 1966 543 2019 renis
554 1965 657 2032 fabule)
673 1964 775 2019 Phoebo

93 2063 193 2117 Uxoris
205 2063 360 2131 sobolisque
372 2063 561 2116 invidissemus
573 2062 722 2115 honorem:

94 2159 152 2212 Nos
166 2159 240 2219 orbo,
256 2174 306 2211 nos
319 2156 389 2211 heui
412 2175 590 2227 quereremur
602 2157 694 2211 coelibe
710 2157 822 2213 Phoebo.

131 2254 205 2313 Quin
215 2254 280 2306 dum
290 2253 351 2321 plus
360 2254 447 2316 terris,
456 2269 537 2321 quam
547 2253 676 2314 redditur.
687 2254 743 2306 exit
752 2269 892 2323 equorum,

94 2349 151 2402 Cur
163 2365 217 2400 non
235 2347 350 2400 Naiades
362 2347 458 2400 siocae?
487 2346 633 2415 Neptunus
645 2346 762 2401 erescit?

95 2445 151 2499 Cur
169 2461 224 2498 non
238 2442 343 2498 exussit
355 2443 478 2498 sitientes
492 2443 578 2498 Sirius
589 2459 677 2510 egros,

94 2539 153 2592 Neo
165 2539 258 2607 pendit
270 2537 352 2591 tellus
365 2537 486 2591 Erebum
498 2538 597 2591 rimosa
609 2537 797 2605 profundum?

131 2634 213 2695 Quid,
228 2650 291 2687 cum
303 2633 344 2686 sol
357 2634 464 2702 proprio
477 2640 629 2687 remeantes
641 2634 706 2686 orbe
718 2633 842 2701 planetes

79 2731 215 2797 Attrahit,
232 2733 320 2804 inque
334 2731 428 2787 vicem
447 2729 613 2787 nttrsiirtun
630 2727 875 2778 §reternstumset

67 2826 117 2884 Vis
130 2833 269 2905 utrisque
285 2833 368 2897 olim,
385 2849 437 2888 tur
452 2845 514 2882 non
528 2815 828 2888 smnieimusnsrrent
