<?xml version="1.0" encoding="UTF-8"?>
<!DOCTYPE html PUBLIC "-//W3C//DTD XHTML 1.0 Transitional//EN"
    "http://www.w3.org/TR/xhtml1/DTD/xhtml1-transitional.dtd">
<html xmlns="http://www.w3.org/1999/xhtml" xml:lang="en" lang="en">
 <head>
  <title>
</title>
<meta http-equiv="Content-Type" content="text/html;charset=utf-8" />
  <meta name='ocr-system' content='tesseract 3.04.00' />
  <meta name='ocr-capabilities' content='ocr_page ocr_carea ocr_par ocr_line ocrx_word'/>
</head>
<body>
  <div class='ocr_page' id='page_1' title='image "./poeticalworksla00bourgoog_0190.png"; bbox 0 0 1830 3216; ppageno 0'>
   <div class='ocr_carea' id='block_1_1' title="bbox 249 727 579 782">
    <p class='ocr_par' dir='ltr' id='par_1_1' title="bbox 249 727 579 782">
     <span class='ocr_line' id='line_1_1' title="bbox 249 727 579 782; baseline 0.012 -4"><span class='ocrx_word' id='word_1_1' title='bbox 249 727 368 779; x_wconf 81' lang='lat' dir='ltr'>CANIS</span> <span class='ocrx_word' id='word_1_2' title='bbox 389 728 440 780; x_wconf 82' lang='lat' dir='ltr'>ET</span> <span class='ocrx_word' id='word_1_3' title='bbox 461 729 579 782; x_wconf 81' lang='lat' dir='ltr'><strong>ECHO.</strong></span> 
     </span>
    </p>
   </div>
   <div class='ocr_carea' id='block_1_2' title="bbox 61 911 774 2418">
    <p class='ocr_par' dir='ltr' id='par_1_2' title="bbox 61 911 549 978">
     <span class='ocr_line' id='line_1_2' title="bbox 61 911 549 978; baseline -0.002 -15"><span class='ocrx_word' id='word_1_4' title='bbox 61 928 102 964; x_wconf 83' lang='lat' dir='ltr'>ars</span> <span class='ocrx_word' id='word_1_5' title='bbox 116 911 143 962; x_wconf 86' lang='lat' dir='ltr'>irr</span> <span class='ocrx_word' id='word_1_6' title='bbox 157 912 221 962; x_wconf 87' lang='lat' dir='ltr'>coelo</span> <span class='ocrx_word' id='word_1_7' title='bbox 235 911 314 963; x_wconf 84' lang='lat' dir='ltr'>radiis</span> <span class='ocrx_word' id='word_1_8' title='bbox 327 920 456 978; x_wconf 87' lang='lat' dir='ltr'>argentea</span> <span class='ocrx_word' id='word_1_9' title='bbox 470 912 549 963; x_wconf 88' lang='lat' dir='ltr'>Luna</span> 
     </span>
    </p>

    <p class='ocr_par' dir='ltr' id='par_1_3' title="bbox 66 1006 634 1074">
     <span class='ocr_line' id='line_1_3' title="bbox 66 1006 634 1074; baseline 0 -16"><span class='ocrx_word' id='word_1_10' title='bbox 66 1024 84 1058; x_wconf 90' lang='lat' dir='ltr'>n</span> <span class='ocrx_word' id='word_1_11' title='bbox 100 1006 217 1059; x_wconf 86' lang='lat' dir='ltr'>Taurisis</span> <span class='ocrx_word' id='word_1_12' title='bbox 230 1007 347 1059; x_wconf 86' lang='lat' dir='ltr'>tremula</span> <span class='ocrx_word' id='word_1_13' title='bbox 358 1007 420 1059; x_wconf 86' lang='lat' dir='ltr'>luce</span> <span class='ocrx_word' id='word_1_14' title='bbox 433 1007 537 1059; x_wconf 87' lang='lat' dir='ltr'><strong>refulsit</strong></span> <span class='ocrx_word' id='word_1_15' title='bbox 549 1007 634 1074; x_wconf 89' lang='lat' dir='ltr'>aquis.</span> 
     </span>
    </p>

    <p class='ocr_par' dir='ltr' id='par_1_4' title="bbox 62 1100 774 1458">
     <span class='ocr_line' id='line_1_4' title="bbox 62 1100 774 1170; baseline -0.001 -16"><span class='ocrx_word' id='word_1_16' title='bbox 62 1103 162 1170; x_wconf 87' lang='lat' dir='ltr'>probus</span> <span class='ocrx_word' id='word_1_17' title='bbox 175 1102 226 1155; x_wconf 88' lang='lat' dir='ltr'>hoc</span> <span class='ocrx_word' id='word_1_18' title='bbox 240 1102 306 1154; x_wconf 90' lang='lat' dir='ltr'>vidit</span> <span class='ocrx_word' id='word_1_19' title='bbox 318 1103 433 1163; x_wconf 88' lang='lat' dir='ltr'>catulus,</span> <span class='ocrx_word' id='word_1_20' title='bbox 449 1102 613 1170; x_wconf 87' lang='lat' dir='ltr'>ringensque</span> <span class='ocrx_word' id='word_1_21' title='bbox 626 1100 774 1169; x_wconf 83' lang='lat' dir='ltr'>malignum</span> 
     </span>
     <span class='ocr_line' id='line_1_5' title="bbox 62 1198 641 1266; baseline -0.002 -15"><span class='ocrx_word' id='word_1_22' title='bbox 62 1198 141 1251; x_wconf 79' lang='lat' dir='ltr'>iolvit</span> <span class='ocrx_word' id='word_1_23' title='bbox 153 1198 180 1250; x_wconf 91' lang='lat' dir='ltr'>in</span> <span class='ocrx_word' id='word_1_24' title='bbox 193 1198 319 1266; x_wconf 87' lang='lat' dir='ltr'>indignos</span> <span class='ocrx_word' id='word_1_25' title='bbox 331 1215 379 1251; x_wconf 88' lang='lat' dir='ltr'>ora</span> <span class='ocrx_word' id='word_1_26' title='bbox 390 1205 516 1265; x_wconf 89' lang='lat' dir='ltr'>proterva</span> <span class='ocrx_word' id='word_1_27' title='bbox 527 1199 623 1250; x_wconf 87' lang='lat' dir='ltr'>modos</span> <span class='ocrx_word' id='word_1_28' title='bbox 635 1219 641 1249; x_wconf 74' lang='grc' dir='ltr'><strong><em>ε</em></strong></span> 
     </span>
     <span class='ocr_line' id='line_1_6' title="bbox 62 1293 766 1361; baseline 0.003 -17"><span class='ocrx_word' id='word_1_29' title='bbox 62 1308 181 1360; x_wconf 84' lang='lat' dir='ltr'>namque</span> <span class='ocrx_word' id='word_1_30' title='bbox 193 1293 220 1344; x_wconf 91' lang='lat' dir='ltr'>in</span> <span class='ocrx_word' id='word_1_31' title='bbox 234 1293 308 1354; x_wconf 87' lang='lat' dir='ltr'>coelo,</span> <span class='ocrx_word' id='word_1_32' title='bbox 323 1293 471 1361; x_wconf 88' lang='lat' dir='ltr'>lunamque</span> <span class='ocrx_word' id='word_1_33' title='bbox 481 1309 624 1361; x_wconf 82' lang='lat' dir='ltr'>aggressus</span> <span class='ocrx_word' id='word_1_34' title='bbox 636 1293 663 1345; x_wconf 91' lang='lat' dir='ltr'>in</span> <span class='ocrx_word' id='word_1_35' title='bbox 676 1293 766 1354; x_wconf 83' lang='lat' dir='ltr'>undis,</span> 
     </span>
     <span class='ocr_line' id='line_1_7' title="bbox 62 1389 632 1458; baseline 0 -16"><span class='ocrx_word' id='word_1_36' title='bbox 62 1391 87 1442; x_wconf 80' lang='lat' dir='ltr'>in</span> <span class='ocrx_word' id='word_1_37' title='bbox 100 1391 176 1443; x_wconf 90' lang='lat' dir='ltr'>sidus</span> <span class='ocrx_word' id='word_1_38' title='bbox 188 1391 287 1457; x_wconf 87' lang='lat' dir='ltr'>pariter</span> <span class='ocrx_word' id='word_1_39' title='bbox 299 1406 386 1443; x_wconf 85' lang='lat' dir='ltr'>saevus</span> <span class='ocrx_word' id='word_1_40' title='bbox 398 1397 547 1458; x_wconf 87' lang='lat' dir='ltr'>utrumque</span> <span class='ocrx_word' id='word_1_41' title='bbox 558 1389 632 1443; x_wconf 85' lang='lat' dir='ltr'>furit.</span> 
     </span>
    </p>

    <p class='ocr_par' dir='ltr' id='par_1_5' title="bbox 62 1485 590 1553">
     <span class='ocr_line' id='line_1_8' title="bbox 62 1485 590 1553; baseline -0.002 -14"><span class='ocrx_word' id='word_1_42' title='bbox 62 1487 76 1539; x_wconf 92' lang='lat' dir='ltr'>b</span> <span class='ocrx_word' id='word_1_43' title='bbox 89 1485 154 1553; x_wconf 84' lang='lat' dir='ltr'>ripis</span> <span class='ocrx_word' id='word_1_44' title='bbox 166 1485 245 1538; x_wconf 86' lang='lat' dir='ltr'>latuit</span> <span class='ocrx_word' id='word_1_45' title='bbox 257 1486 313 1539; x_wconf 82' lang='lat' dir='ltr'>fors</span> <span class='ocrx_word' id='word_1_46' title='bbox 326 1487 500 1538; x_wconf 81' lang='lat' dir='ltr'>ulterioribus</span> <span class='ocrx_word' id='word_1_47' title='bbox 513 1486 590 1547; x_wconf 84' lang='lat' dir='ltr'>echo,</span> 
     </span>
    </p>

    <p class='ocr_par' dir='ltr' id='par_1_6' title="bbox 62 1580 652 1649">
     <span class='ocr_line' id='line_1_9' title="bbox 62 1580 652 1649; baseline -0.002 -17"><span class='ocrx_word' id='word_1_48' title='bbox 62 1580 153 1632; x_wconf 80' lang='lat' dir='ltr'><strong>Audiit</strong></span> <span class='ocrx_word' id='word_1_49' title='bbox 166 1586 194 1632; x_wconf 91' lang='lat' dir='ltr'>et</span> <span class='ocrx_word' id='word_1_50' title='bbox 206 1596 287 1632; x_wconf 83' lang='lat' dir='ltr'>vanas</span> <span class='ocrx_word' id='word_1_51' title='bbox 300 1580 404 1632; x_wconf 87' lang='lat' dir='ltr'>ludicra</span> <span class='ocrx_word' id='word_1_52' title='bbox 416 1580 536 1649; x_wconf 79' lang='lat' dir='ltr'><strong>nympha</strong></span> <span class='ocrx_word' id='word_1_53' title='bbox 548 1581 652 1634; x_wconf 84' lang='lat' dir='ltr'>minas:</span> 
     </span>
    </p>

    <p class='ocr_par' dir='ltr' id='par_1_7' title="bbox 62 1675 669 1840">
     <span class='ocr_line' id='line_1_10' title="bbox 62 1675 669 1743; baseline 0.002 -16"><span class='ocrx_word' id='word_1_54' title='bbox 62 1675 133 1734; x_wconf 74' lang='lat' dir='ltr'>rdiit3</span> <span class='ocrx_word' id='word_1_55' title='bbox 154 1681 182 1727; x_wconf 90' lang='lat' dir='ltr'>et</span> <span class='ocrx_word' id='word_1_56' title='bbox 194 1675 267 1727; x_wconf 86' lang='lat' dir='ltr'>rabie</span> <span class='ocrx_word' id='word_1_57' title='bbox 280 1675 380 1727; x_wconf 86' lang='lat' dir='ltr'>rabiem</span> <span class='ocrx_word' id='word_1_58' title='bbox 394 1675 557 1743; x_wconf 88' lang='lat' dir='ltr'>lepidissima</span> <span class='ocrx_word' id='word_1_59' title='bbox 569 1675 669 1729; x_wconf 87' lang='lat' dir='ltr'>vindex</span> 
     </span>
     <span class='ocr_line' id='line_1_11' title="bbox 62 1771 581 1840; baseline 0 -16"><span class='ocrx_word' id='word_1_60' title='bbox 62 1772 159 1824; x_wconf 86' lang='lat' dir='ltr'>Ulcisci</span> <span class='ocrx_word' id='word_1_61' title='bbox 171 1772 273 1834; x_wconf 79' lang='lat' dir='ltr'>statuit,</span> <span class='ocrx_word' id='word_1_62' title='bbox 288 1787 391 1839; x_wconf 85' lang='lat' dir='ltr'>parque</span> <span class='ocrx_word' id='word_1_63' title='bbox 404 1771 504 1826; x_wconf 86' lang='lat' dir='ltr'>referre</span> <span class='ocrx_word' id='word_1_64' title='bbox 516 1772 581 1840; x_wconf 87' lang='lat' dir='ltr'>pari.</span> 
     </span>
    </p>

    <p class='ocr_par' dir='ltr' id='par_1_8' title="bbox 62 1868 617 1935">
     <span class='ocr_line' id='line_1_12' title="bbox 62 1868 617 1935; baseline 0 -15"><span class='ocrx_word' id='word_1_65' title='bbox 62 1885 70 1920; x_wconf 57' lang='grc' dir='ltr'><strong>ὲ</strong></span> <span class='ocrx_word' id='word_1_66' title='bbox 84 1883 250 1935; x_wconf 83' lang='lat' dir='ltr'>repercussae</span> <span class='ocrx_word' id='word_1_67' title='bbox 263 1868 393 1934; x_wconf 86' lang='lat' dir='ltr'>deceptus</span> <span class='ocrx_word' id='word_1_68' title='bbox 406 1868 522 1935; x_wconf 85' lang='lat' dir='ltr'>imagine</span> <span class='ocrx_word' id='word_1_69' title='bbox 535 1869 617 1929; x_wconf 72' lang='lat' dir='ltr'>vocis</span> 
     </span>
    </p>

    <p class='ocr_par' dir='ltr' id='par_1_9' title="bbox 62 1964 750 2418">
     <span class='ocr_line' id='line_1_13' title="bbox 62 1964 707 2032; baseline -0.002 -16"><span class='ocrx_word' id='word_1_70' title='bbox 62 1965 162 2016; x_wconf 83' lang='lat' dir='ltr'>{rerum</span> <span class='ocrx_word' id='word_1_71' title='bbox 176 1964 318 2031; x_wconf 84' lang='lat' dir='ltr'>impatiens</span> <span class='ocrx_word' id='word_1_72' title='bbox 326 1965 383 2032; x_wconf 89' lang='lat' dir='ltr'>jam</span> <span class='ocrx_word' id='word_1_73' title='bbox 397 1964 490 2032; x_wconf 83' lang='lat' dir='ltr'>magis,</span> <span class='ocrx_word' id='word_1_74' title='bbox 505 1971 602 2031; x_wconf 88' lang='lat' dir='ltr'>estque</span> <span class='ocrx_word' id='word_1_75' title='bbox 615 1964 707 2032; x_wconf 82' lang='lat' dir='ltr'>magis.</span> 
     </span>
     <span class='ocr_line' id='line_1_14' title="bbox 62 2059 623 2128; baseline -0.002 -15"><span class='ocrx_word' id='word_1_76' title='bbox 62 2061 150 2114; x_wconf 83' lang='lat' dir='ltr'>ddere</span> <span class='ocrx_word' id='word_1_77' title='bbox 161 2060 273 2112; x_wconf 89' lang='lat' dir='ltr'>latratus</span> <span class='ocrx_word' id='word_1_78' title='bbox 285 2060 373 2128; x_wconf 85' lang='lat' dir='ltr'>pergit</span> <span class='ocrx_word' id='word_1_79' title='bbox 384 2060 524 2112; x_wconf 86' lang='lat' dir='ltr'>latratibus</span> <span class='ocrx_word' id='word_1_80' title='bbox 537 2059 623 2118; x_wconf 84' lang='lat' dir='ltr'>echu;</span> 
     </span>
     <span class='ocr_line' id='line_1_15' title="bbox 62 2157 750 2225; baseline -0.001 -16"><span class='ocrx_word' id='word_1_81' title='bbox 62 2158 207 2224; x_wconf 88' lang='lat' dir='ltr'>Quemque</span> <span class='ocrx_word' id='word_1_82' title='bbox 219 2157 293 2209; x_wconf 85' lang='lat' dir='ltr'>canis</span> <span class='ocrx_word' id='word_1_83' title='bbox 306 2157 409 2216; x_wconf 88' lang='lat' dir='ltr'>statuit,</span> <span class='ocrx_word' id='word_1_84' title='bbox 424 2162 514 2208; x_wconf 89' lang='lat' dir='ltr'>servat</span> <span class='ocrx_word' id='word_1_85' title='bbox 526 2157 614 2225; x_wconf 82' lang='lat' dir='ltr'>imago</span> <span class='ocrx_word' id='word_1_86' title='bbox 628 2157 750 2209; x_wconf 89' lang='lat' dir='ltr'>modum.</span> 
     </span>
     <span class='ocr_line' id='line_1_16' title="bbox 63 2253 737 2321; baseline 0 -15"><span class='ocrx_word' id='word_1_87' title='bbox 63 2255 147 2306; x_wconf 78' lang='lat' dir='ltr'>adem</span> <span class='ocrx_word' id='word_1_88' title='bbox 162 2254 209 2306; x_wconf 91' lang='lat' dir='ltr'>ubi</span> <span class='ocrx_word' id='word_1_89' title='bbox 220 2255 323 2306; x_wconf 75' lang='lat' dir='ltr'>lassate</span> <span class='ocrx_word' id='word_1_90' title='bbox 334 2253 435 2314; x_wconf 82' lang='lat' dir='ltr'>fauces,</span> <span class='ocrx_word' id='word_1_91' title='bbox 451 2259 478 2306; x_wconf 88' lang='lat' dir='ltr'>et</span> <span class='ocrx_word' id='word_1_92' title='bbox 491 2254 609 2321; x_wconf 88' lang='lat' dir='ltr'>spiritus,</span> <span class='ocrx_word' id='word_1_93' title='bbox 624 2261 652 2307; x_wconf 93' lang='lat' dir='ltr'>et</span> <span class='ocrx_word' id='word_1_94' title='bbox 665 2270 718 2306; x_wconf 87' lang='lat' dir='ltr'>vox</span> <span class='ocrx_word' id='word_1_95' title='bbox 730 2275 737 2313; x_wconf 87' lang='lat'>;</span> 
     </span>
     <span class='ocr_line' id='line_1_17' title="bbox 62 2351 594 2418; baseline -0.004 -14"><span class='ocrx_word' id='word_1_96' title='bbox 62 2351 192 2404; x_wconf 83' lang='lat' dir='ltr'>Deferret</span> <span class='ocrx_word' id='word_1_97' title='bbox 205 2351 291 2403; x_wconf 87' lang='lat' dir='ltr'>rabies</span> <span class='ocrx_word' id='word_1_98' title='bbox 303 2358 368 2412; x_wconf 85' lang='lat' dir='ltr'>tota,</span> <span class='ocrx_word' id='word_1_99' title='bbox 384 2351 500 2418; x_wconf 87' lang='lat' dir='ltr'>siletque</span> <span class='ocrx_word' id='word_1_100' title='bbox 512 2351 594 2402; x_wconf 84' lang='lat' dir='ltr'>cunis.</span> 
     </span>
    </p>
   </div>
   <div class='ocr_carea' id='block_1_3' title="bbox 63 2446 729 2613">
    <p class='ocr_par' dir='ltr' id='par_1_10' title="bbox 63 2446 729 2613">
     <span class='ocr_line' id='line_1_18' title="bbox 73 2446 729 2516; baseline -0.005 -15"><span class='ocrx_word' id='word_1_101' title='bbox 73 2456 181 2516; x_wconf 85' lang='lat' dir='ltr'>poterat</span> <span class='ocrx_word' id='word_1_102' title='bbox 193 2447 298 2500; x_wconf 90' lang='lat' dir='ltr'>siluisse</span> <span class='ocrx_word' id='word_1_103' title='bbox 311 2447 402 2513; x_wconf 87' lang='lat' dir='ltr'>prius;</span> <span class='ocrx_word' id='word_1_104' title='bbox 422 2446 499 2499; x_wconf 81' lang='lat' dir='ltr'>furor</span> <span class='ocrx_word' id='word_1_105' title='bbox 511 2446 599 2499; x_wconf 89' lang='lat' dir='ltr'>omnis</span> <span class='ocrx_word' id='word_1_106' title='bbox 612 2448 729 2514; x_wconf 85' lang='lat' dir='ltr'>ineptus,</span> 
     </span>
     <span class='ocr_line' id='line_1_19' title="bbox 63 2542 565 2613; baseline -0.008 -15"><span class='ocrx_word' id='word_1_107' title='bbox 63 2544 214 2613; x_wconf 89' lang='lat' dir='ltr'>Omnisque</span> <span class='ocrx_word' id='word_1_108' title='bbox 227 2544 253 2595; x_wconf 87' lang='lat' dir='ltr'>in</span> <span class='ocrx_word' id='word_1_109' title='bbox 267 2560 327 2596; x_wconf 86' lang='lat' dir='ltr'>sese</span> <span class='ocrx_word' id='word_1_110' title='bbox 340 2542 423 2596; x_wconf 80' lang='lat' dir='ltr'>futilis</span> <span class='ocrx_word' id='word_1_111' title='bbox 436 2543 475 2595; x_wconf 92' lang='lat' dir='ltr'>ira</span> <span class='ocrx_word' id='word_1_112' title='bbox 487 2543 565 2596; x_wconf 85' lang='lat' dir='ltr'>redit.</span> 
     </span>
    </p>
   </div>
   <div class='ocr_carea' id='block_1_4' title="bbox 0 0 924 3216">
    <p class='ocr_par' dir='ltr' id='par_1_11' title="bbox 0 0 924 3216">
     <span class='ocr_line' id='line_1_20' title="bbox 0 0 924 3216; baseline 0 0"><span class='ocrx_word' id='word_1_113' title='bbox 0 0 924 3216; x_wconf 95' lang='lat' dir='ltr'> </span> 
     </span>
    </p>
   </div>
  </div>
 </body>
</html>
