1830 3216
200 100 316 138 HYMNUS
329 100 478 137 SECUNDUS.

322 259 358 293 ιν.

61 337 128 408 >gite
140 353 256 400 mecum,
271 337 360 391 anime
369 353 437 400 mea,
452 336 579 406 recogita,

61 450 119 489 rore
131 451 186 505 quo
198 434 329 502 perculsa,
341 433 419 504 ponti
431 432 529 487 videris

70 547 105 585 ex
116 529 179 584 sinu
190 529 388 598 profunditates
401 535 501 594 erutus,

61 633 163 697 tesque
173 626 308 680 ductuum
320 626 493 680 imminentes
506 623 656 679 montibus!

329 741 355 776 v.

61 837 90 875 re
102 821 198 891 quovis
210 821 323 890 pallidus
334 821 405 875 sedit
417 828 520 889 stupor,

61 918 125 972 orde
134 917 230 987 quovis
243 917 339 972 consili
350 918 485 987 impotens
497 925 595 978 metus,

62 1032 69 1068 ι
83 1015 229 1069 devolutus
241 1031 341 1084 gurges
353 1016 424 1068 intra
434 1015 570 1083 gurgitem

62 1128 102 1165 sm
114 1111 302 1180 gubernatoris
314 1118 399 1164 artem
412 1110 515 1164 luserit.

323 1225 360 1260 vr.

64 1304 169 1358 salvum
182 1309 210 1356 et
224 1303 338 1357 illaesum
351 1303 421 1356 inter
434 1303 493 1356 hoec
506 1301 625 1372 periculi

62 1416 114 1454 une
123 1407 170 1453 tue
184 1416 229 1453 me
241 1398 358 1453 reddidit
370 1397 521 1460 clementis,

62 1515 72 1552 1
84 1514 115 1552 se
127 1497 229 1565 recepit
240 1495 330 1549 anime
342 1511 444 1549 numen
454 1495 489 1548 ad
501 1501 589 1556 tuum,

62 1595 107 1649 fisa
119 1593 274 1648 humillimo
287 1609 398 1661 precum
411 1592 552 1646 violentis.

318 1707 365 1742 vn.

62 1795 137 1858 rupto
146 1804 277 1858 aquarum
286 1786 314 1840 iu
324 1793 417 1839 monte
426 1802 489 1839 cum
499 1785 687 1854 pependimus,

62 1901 139 1955 rsque
154 1883 236 1937 valles
248 1882 325 1937 ardui
338 1882 519 1951 despeximus,

62 1999 111 2036 'are
125 1982 190 2035 novi
202 1989 230 2035 te
242 1987 382 2048 potentem
395 1979 520 2042 maxime,

71 2078 206 2148 supplices
218 2078 312 2132 audire
324 2084 483 2146 presentem
497 2076 595 2130 minus.

313 2191 371 2228 v111.

62 2273 121 2326 tells
133 2272 216 2335 siluit,
231 2272 304 2326 dicto
313 2271 442 2325 obediens
454 2278 505 2324 tuo

62 2380 103 2424 tus
116 2369 236 2431 recessit,
251 2368 356 2422 reddita
368 2375 410 2421 est
421 2366 618 2435 tranquillimse

63 2483 149 2538 iquor,
164 2466 313 2535 imperante
325 2471 362 2527 te,
377 2463 450 2534 quod
463 2463 554 2524 seuit,

63 2580 74 2616 n
88 2562 164 2623 illud,
180 2561 329 2629 imperante
341 2566 377 2622 te,
393 2557 519 2613 desaeviit.

324 2672 364 2708 rx.

63 2753 117 2808 rills
129 2759 282 2806 versantem
294 2751 394 2819 asperis
406 2750 542 2803 laboribus

63 2850 185 2920 protinus
193 2847 299 2918 juvabit
312 2853 340 2901 et
352 2846 483 2901 solabitur

63 2945 96 2999 ris
109 2943 230 2997 recensio
243 2949 285 2997 tot
296 2949 536 3006 ante-munerum,

63 3042 166 3113 rib'sque
177 3043 302 3114 plurium
315 3054 345 3104 et
358 3047 405 3121 pis
419 3045 598 3120 expectans.
