1830 3216
225 510 359 564 SlMlLE
383 509 481 564 AGIT
502 512 543 567 IN
565 513 714 568 SIMILE.

72 777 236 839 Carsrarus,
250 778 382 847 pictisque
394 780 428 831 ad
444 779 547 833 Thaida
559 781 692 848 psittacus
704 782 760 844 alis,

108 873 207 926 Missus
219 874 252 925 ab
266 873 325 925 Eoo
338 890 438 928 munus
451 883 558 929 amante
571 877 655 929 venit.

72 968 183 1021 Ancillis
195 969 304 1021 mandat
317 970 428 1038 primam
441 971 557 1025 formare
568 972 715 1040 loquelam,

107 1064 339 1118 Archididascaliae
350 1066 394 1118 dat
406 1066 456 1119 sibi
471 1065 553 1119 Thais
565 1083 643 1134 opus.

71 1163 196 1225 Psittace,
210 1165 247 1217 ait
262 1165 352 1227 Thais,
368 1166 499 1236 fingitque
511 1168 636 1221 sonantia
647 1168 730 1221 molle

107 1264 193 1324 Basia,
209 1282 267 1333 quae
280 1266 373 1319 docilis
386 1267 468 1319 molle
480 1267 587 1335 refingit
599 1268 666 1322 avis.

69 1363 129 1416 Jarn
143 1372 238 1432 captat,
251 1365 307 1434 jam
323 1366 443 1420 dimidiat
455 1368 634 1436 tyrunculus;
656 1368 749 1437 etjam

108 1459 227 1528 Integrat
240 1461 347 1514 auditos
359 1462 537 1532 articulatque
550 1479 641 1516 sonos.

72 1555 189 1609 Psittace
201 1557 239 1609 mi
251 1557 363 1625 pulcher
375 1559 519 1627 pulchelle,
535 1559 600 1613 hera
613 1560 678 1613 dicit
690 1561 814 1619 alumnos

107 1652 224 1706 Psittace
236 1653 274 1705 mi
285 1654 406 1722 pulcher,
421 1655 510 1708 reddit
522 1655 649 1708 alumnus
661 1655 742 1709 hera.

70 1750 184 1818 Jamque
197 1749 276 1812 canit,
292 1750 369 1813 ridet,
386 1751 530 1821 deciesque
543 1758 654 1819 aegrotat
667 1751 696 1804 in
709 1752 782 1813 hora,

108 1846 143 1898 Et
156 1854 234 1900 vocat
246 1847 356 1900 ancillas
370 1849 481 1901 nomine
493 1865 629 1917 quamque
642 1865 703 1902 suo.

74 1943 214 2012 Multaque
227 1949 364 1996 scurratur
376 1945 501 2007 mendax,
519 1952 547 1998 et
560 1946 645 1998 multa
653 1945 771 2014 jocatur,

108 2041 144 2092 Et
156 2039 245 2108 lepido
257 2040 389 2108 populum
402 2042 506 2094 detinet
518 2042 640 2110 augurio.

74 2138 154 2189 Nunc
168 2138 315 2190 tremulum
328 2137 416 2190 illudit
426 2138 546 2200 fratrem,
561 2138 610 2206 qui
621 2138 744 2207 suspicit,
759 2148 787 2193 et
798 2131 849 2208 poll

110 2231 237 2294 Camenis,
253 2232 373 2300 quisquis
385 2238 413 2285 te
426 2233 515 2294 docet,
529 2233 625 2301 inquit,
642 2232 729 2286 homo
742 2241 801 2293 est;

75 2328 185 2395 Argntae
197 2345 270 2382 nune
282 2329 377 2382 stridet
388 2345 456 2383 anus
468 2329 610 2396 argutulus
622 2329 723 2390 iustam

111 2425 237 2493 Respicit,
253 2433 280 2478 et
293 2426 394 2479 nebulo
407 2443 445 2487 es,
460 2426 582 2494 quisquis
595 2442 633 2488 es,
648 2426 738 2495 inquit
750 2443 824 2480 anua

76 2523 192 2583 Quando
204 2523 256 2575 fuit
269 2523 363 2576 melior
375 2530 446 2592 tyro,
462 2523 591 2576 meliorve
603 2523 751 2592 magistra!

113 2622 229 2682 Quando
241 2622 296 2675 duo
308 2621 423 2688 ingeniis
437 2628 492 2674 tam
505 2621 595 2674 coiere
607 2619 703 2689 pares!

64 2722 160 2775 Ardua
174 2721 294 2776 discenti
308 2718 387 2775 nulla
398 2726 450 2781 est,
465 2735 511 2771 res
521 2717 601 2770 nulla
610 2718 727 2768 docenti

84 2819 210 2883 Ardna;
234 2839 303 2877 eum
320 2821 426 2876 doceat
439 2814 567 2873 lemine,
581 2810 671 2862 dmi
680 2806 751 2856 anis.
