1830 3216
171 126 312 163 cANsscun
326 125 415 161 TRIUM
428 123 644 160 lsaessmnuvu.

80 264 141 318 Vox
153 265 277 318 audiatur
291 272 387 327 vestra,
403 281 451 333 per
463 265 524 319 aere

79 359 139 413 Vox
153 360 295 413 audiatur:
315 368 478 428 perpetuum
492 359 545 414 Dei

116 456 234 524 Unaque
246 456 387 509 nobiscum
398 456 518 509 favorem

153 553 289 622 Perpetuo
302 553 435 623 eelebeate
447 553 552 621 plausu.

80 746 106 800 Ο
120 745 214 798 torridi
226 746 310 813 ignes,
326 744 406 798 dicite
418 744 582 814 principem

79 842 214 902 Flammae,
230 842 342 894 deorum
356 843 437 895 dicite
449 843 596 911 principem
607 865 614 903 ;

117 939 307 992 circumdatus
320 956 436 1008 namque
448 941 505 1009 ipse
516 940 629 994 flammis

150 1034 296 1089 AEthereos
309 1036 386 1088 sedet
398 1037 468 1089 inter
480 1037 565 1105 ignes.

79 1132 119 1187 Ut
130 1149 181 1185 nos
194 1149 330 1194 cenamus,
346 1149 394 1186 vos
405 1133 509 1187 facitis:
529 1134 611 1188 simul

79 1229 190 1283 canetis
202 1229 268 1298 ipsi;
288 1237 450 1298 perpetuum
464 1230 517 1284 Dei

116 1325 233 1395 Unaque
245 1326 387 1379 nobiscum
398 1326 519 1380 favorem

151 1422 290 1490 Perpetuo
302 1423 437 1477 celebrate
448 1424 553 1492 plausu.

80 1612 195 1667 Alterna
206 1614 308 1667 brume
320 1621 442 1683 tempora
453 1614 562 1684 frigide,

79 1710 187 1764 Brumae
199 1709 322 1778 sequacis
334 1717 395 1778 post
407 1711 523 1778 spatium
535 1711 621 1764 breve

113 1807 236 1869 AEstetis‚
251 1813 279 1861 et
291 1814 321 1861 tu
335 1823 431 1860 rursus
441 1815 522 1861 estas<

153 1903 219 1957 Mox
232 1904 335 1958 vicibus
348 1904 468 1958 rediture
478 1904 574 1966 certis;

80 2002 194 2055 Alterna
206 2018 312 2070 semper
324 2003 443 2056 carmine
455 2001 544 2064 dicite,

78 2097 209 2165 (Alterna
222 2115 305 2152 musae
317 2099 436 2152 carmine
447 2099 577 2168 diligunt)

114 2192 222 2262 Deique
234 2193 376 2247 nobiscum
387 2194 507 2248 favorem

150 2288 289 2358 Perpetuo
300 2291 434 2345 celebrate
445 2292 550 2360 plausu.

81 2482 105 2536 Ο
119 2498 168 2536 vos
180 2498 228 2550 per
240 2498 318 2536 auras
330 2498 390 2551 que
400 2483 460 2537 sine
471 2500 621 2546 murmure,

82 2577 171 2648 Lepsu
184 2579 282 2644 silenti,
298 2580 388 2634 mollia
400 2581 507 2644 vellere,

114 2674 295 2738 Descenditis,
310 2693 345 2730 ne
356 2677 433 2730 laedat
444 2677 540 2731 herbas

151 2771 210 2826 Aut
222 2779 343 2841 segetem
356 2772 465 2826 boreale
475 2772 561 2842 frigus
571 2795 578 2833 ;

81 2867 210 2932 laudate,
226 2885 281 2922 non
295 2870 365 2924 ultre
377 2870 471 2934 taeitae,
486 2869 562 2923 nives

81 2962 203 3018 Leudete
216 2963 336 3034 Regem:
354 2974 523 3038 perpetuum
536 2965 598 3025 De'e

792 106 808 152 9
