1830 3216
302 118 398 154 rrerts
417 116 577 152 ruricurte.
794 103 843 158 157

61 268 98 314 ‚ut
111 259 194 319 hunc,
209 264 256 310 aut
269 234 461 309 nullum-sue
471 273 531 324 pars
543 258 577 309 sit
591 258 690 325 cuique
704 257 801 311 laboris
812 279 819 317 ;

76 357 134 409 Aut
146 354 229 415 hunc,
246 359 293 406 aut
303 352 479 404 nullum-sit
492 369 541 405 sua
554 352 652 420 cuique
666 352 751 421 quies.

62 451 167 505 onditio
180 449 306 510 obtinuit,
328 448 396 500 nulli
408 448 533 501 violanda
545 455 638 516 togato
649 471 655 508 ;

74 547 219 600 Proximus
232 546 275 599 hic
287 545 399 606 foribus,
414 545 555 612 proximus
568 552 627 598 esto
640 546 697 598 viae.

65 642 123 710 ptio
135 649 191 693 tarn
203 640 323 708 prudens
336 656 385 693 cur
397 656 453 692 non
465 639 520 692 huc
533 656 621 707 usque
634 647 741 694 retenta
753 642 814 695 est?

73 737 143 790 Tem
157 737 228 790 bona
239 752 288 787 cur
301 750 419 803 unquam
433 734 478 786 lex
490 735 623 787 abolenda
634 735 707 789 fuit?

61 832 163 886 fobsoni
176 839 296 884 veterem
310 845 433 881 normam
446 845 574 882 revocare
588 838 727 884 memento
738 853 744 890 ;

73 928 174 996 Tuque
186 927 285 979 iterum
298 924 430 986 Hobsoni,
448 924 559 985 Granta,
575 925 677 979 videbis
690 943 784 996 equos.

240 1400 638 1491 rrerrs‘eussectire.

62 1684 107 1720 ure
120 1668 169 1721 tibi
181 1668 275 1736 regalis
288 1669 419 1722 dederant
432 1669 588 1722 diadematis
602 1684 706 1728 aurum,

66 1763 144 1817 Dant
157 1771 184 1817 et
196 1763 341 1817 funereum
353 1764 423 1826 fana,
443 1765 535 1826 Maria,
551 1763 667 1817 tholum.

62 1860 159 1929 uisque
171 1860 227 1912 suis
241 1860 355 1919 vicibus,
370 1867 463 1913 moesto
476 1867 549 1913 stant
562 1859 658 1912 ordine
669 1859 782 1917 flentes;

66 1955 181 2024 Oreque
194 1957 281 2009 velato
293 1955 401 2010 soemina
414 1957 491 2009 triste
503 1956 572 2008 silet.

62 2069 119 2106 trra
130 2054 186 2106 evis
199 2053 309 2114 interea,
326 2054 447 2106 residens
460 2053 486 2106 in
500 2053 602 2106 vertice
614 2068 730 2112 summo,
742 2078 750 2092 x

65 2148 175 2201 Emittit
188 2149 304 2201 tremule
315 2149 430 2216 lugubre
444 2166 511 2202 voce
523 2148 618 2201 melos.

62 2262 151 2313 {spera
163 2261 214 2298 nec
227 2245 336 2306 claudit,
352 2262 402 2298 nec
415 2246 504 2298 lucem
522 2247 630 2298 Aurora
642 2244 767 2303 recludit,

67 2342 142 2402 Quin
156 2343 250 2395 eedem
264 2349 368 2409 repetat
379 2342 495 2395 funebre
507 2358 616 2395 carmen
629 2340 694 2394 avis.

63 2437 98 2490 tle
111 2437 179 2489 nihil
192 2438 317 2490 dederint
330 2437 373 2489 vel
387 2437 542 2497 mausolee;
566 2436 658 2489 Mariae

66 2533 132 2586 Haec
145 2534 229 2602 pietas
242 2535 293 2587 soli
305 2535 396 2588 debite
404 2552 468 2588 vera
478 2534 539 2587 suit.

63 2629 145 2682 males
157 2629 289 2698 lacrymae,
302 2630 427 2698 jussique
439 2630 565 2682 facessite
576 2629 674 2689 fletus;

66 2726 224 2794 Sumptibus
237 2726 280 2780 hic
295 2727 375 2780 nullis
388 2727 480 2780 luctus
493 2726 625 2779 emendus
639 2731 703 2778 eret.
