1830 3216
303 126 383 162 tuctu
403 126 438 162 ΕΤ
457 126 593 162 ΟΟΒΥΠΟΝ.

71 265 135 325 Quo
149 263 247 317 minuit
260 263 358 325 studio,
374 280 428 332 quo
441 263 535 332 longas
547 264 646 331 decipit
658 263 758 317 horas?

106 360 207 413 Nonne
219 360 321 429 aliquot
333 366 440 413 teneras
452 360 501 412 lux
511 377 570 413 mea
579 369 667 413 servat
680 361 764 414 oves?

70 455 170 510 Nullus
184 473 228 510 eas
237 455 311 518 felix,
326 456 418 510 nullus
429 457 518 509 brevis
530 457 659 510 abstrahit
672 474 754 518 error,

104 551 179 604 Dum
192 551 285 604 furtim
298 568 410 606 somnus
423 552 525 605 lumina
538 552 637 605 claudit
651 553 742 606 herae?

70 647 214 701 Murmure
223 647 348 716 jucundo
360 649 469 702 mollem
482 649 596 702 suadere
609 665 734 717 soporem

105 746 133 800 Si
145 745 232 814 possit
245 746 314 798 votis
329 746 426 799 Tneda
438 747 558 799 secunda
570 747 653 808 meis;

69 841 242 895 Ambrosiam
255 841 338 904 labiis,
353 842 473 895 animum
486 858 547 911 quae
560 843 678 896 mulceat
691 859 798 911 aegrum,

104 937 251 1004 Laetusque
265 944 292 990 et
305 937 410 999 tacitus,
426 937 587 1006 surripuisse
597 938 686 991 velim.

65 1132 199 1200 vulgares
211 1132 281 1184 inter
289 1131 409 1186 flammas
422 1149 499 1186 meus
512 1133 608 1185 emicat
621 1132 697 1200 ignis,

103 1229 142 1282 Ut
154 1244 289 1296 nusquam
301 1227 388 1281 forma
400 1228 520 1297 nympha
532 1229 566 1280 sit
578 1229 633 1281 ulla
645 1229 701 1297 pari
713 1252 719 1280 ι

66 1325 196 1379 Pluribus
209 1343 224 1377 a
236 1324 363 1392 pulchris
377 1343 394 1378 a
405 1325 478 1379 mille
491 1332 517 1378 et
531 1325 603 1378 mille
616 1328 745 1389 venustis,

101 1422 285 1490 Distinguunt
297 1422 379 1474 vitam
391 1421 476 1491 gratia
489 1422 573 1474 multa
585 1439 682 1475 meam.

66 1519 236 1581 Suaviolum,
251 1519 316 1587 quin
329 1519 393 1576 sare.
405 1536 512 1579 meum;
534 1536 592 1588 quoe
604 1537 703 1588 pasena
715 1520 827 1581 malunt,

103 1616 163 1668 Aut
175 1615 231 1676 ubi,
246 1615 297 1667 sub
310 1614 399 1667 medio
412 1614 477 1676 sole,
493 1623 624 1684 vagantur
639 1616 723 1669 oves?

66 1713 112 1765 Ad
127 1712 210 1764 Tavae
223 1717 342 1764 errantes
355 1726 474 1778 qnaeram
487 1711 597 1764 sinuosa
608 1711 729 1764 fluenta?

103 1809 267 1869 Quaeramve
279 1806 312 1858 ad
328 1805 430 1858 Tuedae
442 1807 602 1860 candidioris
615 1807 731 1876 aquam?

255 2128 377 2183 LUCIA
398 2129 449 2180 ET
471 2127 672 2182 CORYDON.

68 2289 156 2350 Quae,
172 2303 303 2340 venerum
315 2287 439 2339 soeounda
451 2301 555 2354 parens,
572 2284 691 2353 Lagenia
707 2285 790 2346 novit,

102 2385 190 2438 Lucia
201 2384 347 2436 formarum
360 2383 452 2450 gloria,
466 2383 570 2450 flosque
580 2381 633 2434 fuit
644 2403 650 2433 ι

68 2481 122 2534 Ora
134 2497 186 2532 nee
198 2485 310 2546 aspectu
323 2486 377 2531 tam
387 2479 446 2530 laeta
458 2484 485 2530 et
498 2477 610 2545 pulchra
625 2477 738 2530 Modoni

101 2576 228 2629 Flumine
241 2575 275 2627 de
287 2575 389 2643 liquido
402 2591 470 2642 pura
482 2573 586 2627 reflexit
595 2590 672 2642 aqua.

68 2672 119 2725 Sed
133 2671 224 2734 dolon
235 2677 263 2723 et
275 2687 353 2733 curae,
368 2669 480 2724 letabile
493 2670 621 2738 quiequid
635 2670 754 2732 edentes

101 2768 249 2838 Egregium
262 2766 362 2821 sensim
375 2767 526 2853 diminuere
539 2767 639 2829 decus,

68 2868 118 2920 Sed
131 2867 259 2931 deceptus
268 2881 345 2917 amor
356 2866 472 2935 carptim
484 2868 610 2940 privavit
625 2868 735 2927 ocellos

85 2957 210 3018 Gemmis,
228 2960 336 3013 curaliis
348 2962 436 3032 labra,
456 2971 597 3046 rosisque
613 2989 723 3045 genus.
