1830 3216
206 125 314 162 rruxus
333 125 367 162 rr
387 125 532 163 arrccxus
554 127 647 172 urnis,
669 127 728 162 rrc.
826 112 875 167 197

65 266 186 330 Oceani,
202 275 342 338 pontoque
354 286 450 324 omnes
463 269 578 323 effundit
590 269 708 323 habenas
721 291 727 329 ;

66 362 225 416 Subsidunt
237 363 353 418 humiles
365 366 452 428 undae,
468 365 623 434 refugaeque
635 365 807 418 recumbunt.

106 458 169 512 Neo
181 448 250 512 nihil
261 459 372 522 interea,
388 462 435 529 qui
447 460 537 514 lucida
549 461 604 514 tela
615 460 669 513 diei

68 553 187 622 spargit,
202 561 230 608 et
241 561 362 623 aspectat
373 562 459 609 terras
471 555 512 609 sol
524 555 626 609 arduus
638 571 741 617 omnes,

69 649 200 705 Emotam
212 653 303 706 turbat
318 651 438 722 Tethyn,
454 652 593 721 agitatque
605 658 766 705 tumentem.

70 747 193 817 Cynthia
204 763 267 802 cum
277 748 367 802 fratris
381 748 461 802 radiis
473 749 591 802 obnoxiu
602 749 683 817 pleno

71 843 147 898 Orbe
160 843 223 906 coit,
238 860 289 898 seu
301 859 365 898 cum
377 843 516 913 praeacutis
531 843 658 916 cornibus
671 843 727 906 ibit,

70 939 193 995 Cernere
205 940 257 994 erit
268 957 368 1010 magno
380 948 498 995 marmor
511 941 645 1010 trepidare
662 927 801 994 tumultu:

70 1039 118 1100 At,
133 1038 158 1091 si
169 1038 273 1092 dilecte
284 1039 386 1107 lampas
400 1038 518 1093 Phoebea
529 1038 630 1092 sororis

69 1133 217 1188 Dimidium
229 1140 332 1203 partem
346 1135 473 1188 candenti
484 1134 589 1187 lumine
601 1133 681 1202 tingit
692 1155 699 1193 ς

69 1229 205 1283 Paulatim
217 1246 278 1284 sese
290 1229 399 1290 tollens,
414 1247 488 1284 mare
501 1230 605 1284 tardius
617 1235 712 1283 aestum

69 1324 218 1379 Provolvet
232 1342 361 1395 segnem:
382 1326 423 1379 sin
432 1325 490 1396 jam
503 1325 627 1394 pervenit
640 1331 763 1392 uterque,

70 1421 133 1482 Qua
148 1420 230 1475 Libra
242 1429 347 1491 oequato
360 1421 514 1476 discrimine
528 1421 622 1474 dividit
635 1422 737 1482 orbem,

68 1517 209 1571 Continuo
221 1519 256 1572 ad
268 1518 366 1571 coelum
379 1532 503 1571 convexo
516 1516 623 1586 gurgite
634 1516 723 1569 fertur
778 1590 780 1595 γ

68 1615 165 1667 Ardua
177 1615 317 1683 congeries
329 1613 425 1682 pelagi,
441 1620 469 1666 et
482 1612 550 1666 vada
561 1628 674 1682 spumea
686 1616 813 1665 crescunt

68 1710 140 1764 Cum
153 1709 263 1770 sonitu;
284 1709 360 1763 nullo
373 1715 480 1762 tantum
492 1725 523 1762 ae
535 1708 643 1762 turbine
658 1706 765 1760 Nereus

66 1805 165 1868 Jactat,
181 1812 209 1858 et
223 1805 281 1873 ipsa
292 1821 355 1858 suas
368 1805 502 1858 mirantur
514 1803 611 1857 cerula
623 1803 702 1856 vires.
791 1830 793 1834 ·

103 1901 214 1955 Scilicet
226 1901 275 1954 hae
286 1900 362 1969 leges
374 1908 479 1964 natura,
495 1908 523 1955 et
534 1900 634 1953 foedera
645 1900 717 1953 lunae
741 1932 742 1937 κ

68 1996 211 2065 Imposuit.
228 1996 368 2066 solemque
378 1997 461 2060 dedit,
477 1997 523 2066 qui
535 2003 658 2064 tempore
671 2001 746 2049 certo

66 2091 104 2145 lit
117 2099 260 2160 premeret,
276 2092 356 2146 maris
369 2099 397 2145 et
410 2099 517 2146 montes
530 2093 659 2145 educeret
671 2090 749 2144 altos.

68 2187 105 2241 Ni
117 2187 227 2250 iaceret,
241 2188 296 2241 late
309 2187 412 2241 circum
424 2173 610 2241 se‘immobilis
622 2186 720 2240 humor

67 2283 211 2338 Sterneret
223 2283 251 2336 iu
264 2300 368 2337 rnorem
381 2284 477 2352 stagni,
492 2284 676 2352 obsooenaeque
688 2283 801 2351 paludis.

64 2379 135 2442 Jam,
144 2378 202 2447 jam
210 2378 285 2432 nulla
292 2395 368 2432 mora
377 2386 419 2432 est
428 2380 543 2439 ratibus;
556 2395 631 2432 nuno
644 2378 759 2447 Anglica
767 2378 866 2440 classis.

68 2477 261 2542 Aurarumque
271 2474 346 2528 leves
358 2474 469 2537 animas,
484 2482 511 2528 et
522 2475 630 2528 flamina
642 2480 760 2542 captans,

64 2572 134 2625 Jura
146 2572 192 2624 dat
205 2588 323 2633 ooeano;
343 2572 474 2641 littusque
486 2571 593 2625 affectat
607 2571 706 2633 Eoum,

64 2668 171 2722 Indiam
184 2667 211 2720 in
226 2667 364 2736 Europam
376 2674 504 2736 portaus;
524 2683 598 2720 nunc
610 2666 709 2719 labitur
720 2664 797 2719 alveo

65 2763 181 2818 lnsolito
196 2763 313 2832 Ganges,
332 2763 530 2834 Thamesisque
540 2763 563 2818 it
573 2761 701 2818 turbidus
711 2778 791 2815 auro„

202 2921 390 2993 Cantabrigiae,
405 2931 438 2984 in
450 2932 583 2984 Coruinis
594 2919 890 2999 misrrumum-uu·

786 3049 804 3085 s
814 3033 840 3080 ’ὸ
