1830 3216
464 44 517 96 282

157 228 357 285 EPILOGUS
379 230 526 285 LESBIAE
549 231 821 285 OBSTETRICIS.

92 366 225 418 Aumsrrs
238 371 340 432 quanto
353 364 470 418 clamore
482 381 622 433 puerpera,
635 364 651 416 J
654 382 710 418 uno

128 460 239 524 Lucina,
254 458 306 533 oh‘gl
326 461 438 523 miserae,
452 461 494 514 fer
506 462 580 522 mihi,
595 462 672 524 dixit,
687 478 777 530 opem.

91 558 140 610 Illa
153 575 203 626 ego
218 575 279 611 sum
292 557 309 610 J
311 558 449 611 uno-sed
464 575 518 611 non
532 559 566 612 de
578 558 657 626 plebe
670 559 801 622 ministra,

128 654 229 714 Quales
244 655 361 708 Lucinas
374 655 479 709 viculus
492 655 580 707 omnis
592 655 681 708 habet.

92 749 138 802 Nil
149 750 246 817 loquor
259 750 404 818 impurum,
420 751 463 803 vel
475 752 584 803 subnuo
596 749 703 818 turpius
714 772 721 811 ;
741 751 793 803 ista

126 845 256 913 Vulgares
268 846 381 908 animos,
397 847 600 914 degeneresque
608 846 717 914 juvent.

92 941 193 994 Oscula
204 941 335 1008 siquando
348 941 510 1009 permittam,
525 940 638 994 admitto
650 942 764 1009 pudice;

126 1036 164 1088 Ut
177 1036 257 1089 decet
268 1036 400 1089 humanas
410 1037 596 1105 ingenuasque
609 1053 703 1090 nurus.

91 1133 192 1199 Siquid
205 1132 276 1186 forte
288 1133 385 1195 bibam,
401 1133 516 1202 cyathus
528 1133 595 1186 mihi
607 1132 705 1186 sufficit
719 1150 800 1195 unus,

125 1226 228 1282 Pollice
240 1228 285 1280 vix
297 1228 497 1296 majos-Fors
509 1228 652 1295 aliquando
666 1228 731 1280 duo.

90 1322 225 1375 Incolumi
237 1330 323 1375 matre
333 1330 361 1375 et
373 1323 453 1385 salva,
470 1339 531 1375 mea
543 1323 665 1390 proxima
677 1340 744 1376 cura
756 1331 799 1376 est

126 1418 260 1472 Infantem
272 1419 364 1486 primis
377 1419 498 1472 vestibus
507 1419 629 1472 induere.

91 1515 206 1568 Adsidet
218 1514 252 1567 ad
265 1514 396 1576 cubitum,
414 1514 580 1583 Glycerique
598 1515 723 1568 Archillis
736 1513 837 1568 ocellos

126 1609 232 1663 Intuitu
245 1611 331 1678 primo
344 1610 439 1663 callida
450 1610 537 1663 cernit
549 1626 634 1663 anusz

89 1706 229 1774 Parvaque
235 1723 401 1774 componens
409 1707 520 1775 magnis,
532 1706 659 1769 frontem,
671 1708 773 1769 oscula,
784 1722 881 1765 nasum,

127 1802 200 1863 Quid
213 1802 295 1870 patris
308 1803 437 1870 explorat,
453 1802 518 1871 quid
531 1801 663 1855 referatur
672 1802 723 1855 avi.

89 1897 234 1967 Tergaque
265 1899 431 1960 demulcens
461 1899 612 1952 Hominum
645 1907 686 1952 est
718 1899 882 1958 sevissimus,

193 1997 289 2065 inquit,

125 2090 194 2143 Tam
206 2091 345 2159 pulchram
358 2092 457 2160 poterit
470 2092 517 2159 qui
527 2092 627 2144 violare
638 2091 733 2144 cutim.

88 2186 187 2240 Delirae
200 2186 256 2240 haee
269 2187 340 2240 inter
353 2188 465 2241 nutricis
478 2189 590 2250 somnia,
606 2189 694 2256 majus

125 2280 211 2348 Urget
224 2298 292 2349 opus
304 2283 386 2347 longe
398 2299 451 2344 me,
466 2283 626 2351 graviorque
638 2283 729 2342 labor;

90 2376 206 2444 Cingere
218 2376 334 2430 fasciolis
347 2385 465 2441 teneros,
480 2395 532 2431 uec
546 2379 658 2440 duriter,
673 2386 757 2440 artus,

125 2473 161 2524 Et
170 2474 276 2542 justum
289 2476 322 2527 ad
336 2476 476 2528 modulum
489 2476 591 2544 fingere
603 2475 686 2528 molle
699 2484 789 2544 caput.

90 2566 186 2621 Cautio
199 2586 250 2622 nec
262 2570 329 2622 levis
343 2578 392 2632 est,
407 2570 500 2623 multis
513 2571 546 2623 de
560 2570 740 2623 millibusuna

125 2664 168 2716 Ne
181 2665 292 2717 minimo
305 2665 434 2718 infantem
449 2666 561 2719 vulnere
574 2671 676 2734 pungat
688 2683 764 2719 acus.

79 2761 137 2816 Sed
151 2780 203 2818 nec
217 2763 310 2819 adhuc
323 2771 414 2818 cessat
424 2763 567 2816 miliacum
575 2784 586 2821 ·,
600 2778 734 2828 puerpera
744 2770 830 2816 mater

107 2861 197 2934 Saepe
212 2863 371 2920 revisenda
384 2868 441 2924 est,
455 2868 485 2915 et
499 2858 570 2911 nialla
579 2869 743 2924 sapepuer.
