1830 3216
73 100 126 151 290
268 115 381 152 nonnius
402 115 505 152 numos
524 115 587 153 assu
608 117 690 156 nom.
744 109 756 171 ξ

76 258 205 326 Imposito
218 259 327 312 cohibet
340 259 423 327 digito
434 279 441 320 3
461 259 569 312 fumosa
580 259 695 328 liquoris

75 354 121 407 Vis
134 362 224 408 tamen
237 355 367 416 ascendit,
383 372 467 425 seque
480 355 630 424 ejaculantur
642 356 671 409 in
684 373 771 410 auras.

76 452 150 504 Tum
161 451 234 504 facili
245 452 341 504 dextra
353 457 381 504 et
394 458 473 505 cauta
485 467 566 520 quam
579 452 679 506 leniter
690 459 749 506 arte

78 549 198 602 Admeto
210 548 330 602 infundit
343 549 435 610 caliei;
456 548 597 602 subsidere
610 551 691 618 coepit

76 644 209 698 Paulatim
222 660 325 712 spuma,
341 651 368 696 et
380 643 519 712 proprium
532 645 578 698 det
590 661 678 713 vappa
689 646 816 700 colorem,

191 856 311 922 INEST
332 868 408 922 SUA
431 868 587 922 GRATIA
609 869 765 925 PARVIS.

77 1015 227 1067 Bunuauon
239 1015 305 1068 furit
317 1016 422 1084 exiguis
437 1016 581 1086 Pyginaeus
593 1015 622 1068 in
634 1016 725 1077 armis,

113 1112 150 1164 Et
162 1112 241 1165 tenui
252 1111 364 1165 infestas
377 1112 490 1180 cuspide
501 1112 559 1180 figit
572 1129 645 1165 aves.

34 1203 36 1206 ’
79 1209 213 1262 Securum
225 1216 317 1262 tamen
330 1210 404 1263 hunc
418 1216 525 1278 praestnt
538 1216 679 1264 contracta
691 1210 786 1278 figura,

115 1304 170 1358 Seu
183 1321 241 1358 sors
254 1305 367 1358 adversa
379 1311 429 1367 est,
444 1305 502 1358 sive
513 1304 634 1358 secunda
645 1304 728 1359 iavet.

79 1401 104 1454 It
117 1401 188 1455 fama
199 1403 233 1455 ad
245 1402 348 1463 celum,
364 1402 386 1455 si
399 1401 486 1455 victor
498 1403 531 1454 ab
543 1401 623 1456 hoste
636 1403 766 1462 recedat;

116 1497 223 1560 Sinon,
238 1497 271 1550 ad
284 1497 379 1551 caelum
391 1497 478 1550 fertur
491 1497 519 1549 in
533 1513 581 1550 ore
592 1497 677 1564 gruis.

117 1732 287 1787 MAGNAS
308 1731 518 1785 TERRITAT
539 1730 666 1785 URBES
687 1728 839 1784 RUMOR.

80 1872 186 1925 Rumon
201 1872 389 1926 Alexandrum
402 1890 465 1926 cum
481 1874 578 1928 detulit
592 1891 651 1928 esse
663 1873 852 1942 propinquum.

117 1970 259 2024 Finitimos
271 1971 365 2038 implet
378 1977 465 2024 terror
478 1972 579 2040 ubique
590 1971 674 2024 locos.

82 2066 206 2119 Exorant
218 2065 263 2119 alii
274 2083 423 2135 pacemque
436 2073 464 2120 et
475 2065 592 2127 suadem
612 2074 711 2134 sponte

119 2163 300 2217 Summittunt
313 2161 357 2214 alii
370 2162 478 2215 subdita
489 2163 558 2215 colla
567 2161 645 2230 jugo.

84 2263 173 2324 Quam
185 2262 264 2322 bene,
281 2260 386 2322 Pellaee,
402 2276 535 2328 exuperas
547 2258 553 2314 i
574 2275 636 2312 nam
650 2274 714 2311 cum
727 2258 778 2312 tibi
790 2257 871 2311 laurus

118 2359 194 2412 Dant
205 2357 312 2433 famam,
328 2358 418 2411 lauros
432 2358 477 2410 dat
489 2357 539 2410 tibi
549 2356 621 2410 fama
633 2371 727 2408 novas.

187 2559 358 2615 POTERIS
380 2560 534 2614 TUTIOR
555 2559 649 2613 ESSE
671 2557 787 2612 DOMI.

84 2712 152 2764 Duu
167 2715 253 2762 mater
265 2710 364 2763 metuit
377 2710 458 2778 virgae
470 2726 505 2762 ne
518 2709 632 2762 verbera
642 2706 750 2768 ladani,

113 2807 179 2880 ipsa
191 2807 269 2863 domi
280 2824 400 2879 puerum
412 2812 513 2867 sennan,
525 2812 554 2856 en
561 2804 624 2870 insa
632 2803 721 2855 desen.

65 2913 133 2985 Ipsa
148 2913 223 2969 doce
237 2925 374 2984 puerum,
388 2911 479 2960 maian
491 2896 704 2954 nanniannxns„
712 2895 804 2955 unsdn

97 3015 204 3073 Tutus
221 3020 261 3070 ut
274 3027 346 3069 esse
361 3003 453 3064 domi,
467 2996 578 3055 siuiaus
591 2996 622 3042 ea
635 3001 699 3035 esse
707 2981 789 3030 iniis.
