1830 3216
312 105 437 142 coarnon
458 106 593 147 curuans.
816 92 851 141 43

58 241 129 302 Quid
141 242 216 304 mihi,
231 242 364 311 apollinea
375 245 466 314 cingar
478 246 552 314 quod
563 253 685 314 tempora
696 246 780 307 lauro,

89 338 126 390 Et
138 337 259 406 querulur
271 335 359 392 nbrim
370 345 482 408 tangere
494 340 538 394 fila
549 339 632 410 lyroe?

58 433 129 495 Quid
141 434 262 503 prodest,
278 435 372 488 molles
385 452 514 490 numeros
526 437 658 505 siquando
670 438 820 497 movebam,

88 529 225 598 Virginea
238 529 338 583 circum
351 531 425 599 quod
438 532 565 585 maduere
580 530 676 600 geue?

57 623 108 687 Ah,
123 625 193 678 nihil
204 632 255 687 est,
273 623 410 694 Corydon,
428 625 519 679 Phoebi
531 644 580 680 cur
592 637 705 681 munera
712 627 815 698 jactesi

91 720 151 774 Nec
162 720 223 790 lyra
230 720 289 789 jam
298 720 398 782 decori,
413 737 464 774 nec
477 721 526 775 tibi
537 721 629 776 laurus
642 723 702 777 erit.-

56 817 104 871 Est
116 833 215 879 novus,
231 823 272 870 est
286 815 407 884 Daphne
418 816 520 870 felicior
534 818 620 886 igniat
641 826 668 872 et
681 819 719 872 illi

89 915 205 969 Dulcior
217 922 259 969 est
270 915 396 977 calamus,
411 914 585 985 callidiorque
596 934 701 971 manus.-

56 1256 112 1310 Vos
124 1263 216 1309 tamen
229 1256 300 1318 hinc,
314 1257 443 1310 comitum
457 1274 517 1326 pars
529 1274 546 1310 ο
559 1258 702 1319 carissima,
717 1257 803 1319 amici,

94 1353 180 1414 Queis
192 1370 300 1407 mecum
312 1354 403 1408 luctus
416 1362 489 1417 eunt,
504 1355 648 1424 sociusque
661 1355 745 1418 dolor,

56 1449 164 1503 Parcite
174 1453 234 1512 ro's,
249 1449 376 1518 quicquid
386 1450 509 1503 dederint
522 1450 587 1503 mihi
600 1450 655 1504 fata
664 1450 815 1511 ferendum,

93 1545 200 1599 Parcite
212 1561 261 1598 vos
274 1544 408 1613 Daphnen
421 1546 576 1599 insimulare
589 1546 651 1599 doli.

58 1643 87 1696 si
99 1649 159 1695 toto
172 1657 256 1710 vagus
269 1642 334 1694 orbe
344 1640 426 1704 feror,
441 1642 585 1696 comitatur
602 1649 713 1695 euntem

94 1737 141 1791 Me
153 1754 216 1790 mea
227 1753 294 1798 sors,
310 1737 384 1790 nulla
396 1737 564 1791 dissocianda
575 1738 657 1807 fuga:

57 1833 190 1894 Quamvis
203 1831 341 1894 inteream,
358 1831 473 1900 Daphne
485 1833 633 1886 mutabitur
645 1849 749 1902 usque;

92 1917 228 1981 Inteream
242 1927 371 1996 quamvis,
387 1944 474 1995 usque
486 1927 572 1981 fidelis
586 1946 641 1981 ero.

57 2244 154 2313 Siquid
166 2244 256 2298 adhuc
268 2252 396 2313 poterunt
409 2245 567 2299 mollescere
580 2246 669 2308 corda,
685 2261 736 2299 nec
749 2246 836 2299 omnin

92 2340 135 2394 Ex
149 2341 307 2395 inclementi
318 2349 428 2410 pectore
439 2342 509 2412 fugit
521 2360 612 2403 amor;

58 2439 190 2506 Agrestes
203 2437 273 2490 inter
286 2437 396 2491 decoret
409 2455 469 2492 mea
482 2438 578 2492 funeral
590 2440 730 2509 nymphas

95 2534 274 2604 Membraque
286 2552 414 2604 supremo
427 2539 473 2589 det
485 2537 644 2591 tumulanda
656 2554 731 2606 rogo.

58 2631 119 2686 Hoc
132 2631 200 2685 mibi
212 2633 343 2686 concedat
356 2634 458 2696 saltem,
472 2651 526 2687 non
540 2635 626 2688 multa
637 2636 749 2703 roganti,

94 2730 232 2799 Nudaque
246 2731 367 2799 cupressi
377 2730 519 2786 frondibus
533 2749 596 2787 ossa
606 2740 701 2804 tegam

58 2828 207 2896 Relliquics
219 2845 284 2882 urna
294 2831 397 2898 positas
413 2835 460 2891 ubi
474 2835 589 2903 viderit,
602 2836 698 2901 lima,

81 2922 228 2992 Rellr'quus
239 2925 292 2990 lidi,
310 2930 394 3000 dicat,
410 2942 541 3000 amantis
552 2942 664 3000 habes.
