1830 3216
315 113 431 150 HYMNUS
445 111 554 149 PRIMUS.

416 269 451 304 vr.

86 349 157 403 Cum
170 365 219 418 per
228 348 350 417 juvente
361 347 476 401 lubricas
490 348 670 407 decurrerem,

85 444 252 514 incogitans‚
267 445 404 514 animique
416 461 542 514 preceps,
557 441 674 503 semitas,

85 542 149 596 Tua
160 542 231 596 alma
242 542 382 610 sospitavit
394 541 501 596 occulte
513 557 618 602 uranus,

83 638 242 707 AEvumque
254 655 300 692 me
313 637 437 706 provexit
448 637 483 690 ad
495 635 636 689 maturius.

411 749 459 785 vu.

84 829 238 884 Permulta
250 829 344 883 mortis
356 829 452 883 abditae
464 827 617 881 discrimina

85 927 191 996 Aperta
203 927 280 981 eunti
291 935 319 980 et
331 933 392 980 tuta
402 931 528 994 porrecta
539 931 580 978 est
592 925 643 984 via,

83 1022 206 1092 Vitiique
217 1021 401 1075 blandimenta
412 1036 460 1089 per
471 1019 582 1081 fallacia,

84 1118 242 1173 Periculum
254 1133 311 1186 prae
324 1118 426 1172 caeteris
438 1116 560 1171 ferentia.

241 1209 247 1223 '
405 1230 464 1266 vm.

83 1311 157 1366 Cum
169 1311 257 1364 morbi
268 1310 391 1364 acutiore
403 1310 429 1362 vi
444 1310 619 1370 tabescerem,

83 1406 133 1460 Me
144 1405 260 1460 sanitate
269 1405 398 1460 recreasti
410 1405 514 1473 saepius,

82 1502 119 1557 Et
133 1519 197 1556 cum
209 1518 334 1572 gravarer
346 1501 459 1555 crimine
471 1508 499 1554 et
513 1500 660 1563 doloribus,

82 1599 147 1653 Tua
158 1599 295 1653 revocavit
307 1599 335 1651 in
348 1599 463 1654 salutem
476 1598 569 1668 gratia.

410 1711 450 1747 rx.

82 1791 160 1854 Tuae,
175 1789 289 1854 Jehova,
304 1791 420 1860 largitati
430 1791 526 1854 debeo,

83 1889 168 1950 Quod
180 1895 223 1942 sat
234 1904 371 1957 superque
382 1906 427 1942 me
439 1885 523 1942 beirit
536 1889 620 1956 copia,

81 1985 208 2053 Eamque
218 1985 323 2038 amicus
335 1985 439 2053 copiam
452 1983 589 2038 consortio

81 2080 166 2134 Dulci
179 2081 253 2150 quod
267 2097 338 2134 unus
351 2091 379 2134 et
390 2081 464 2149 quod
473 2081 542 2134 alter
554 2080 670 2134 auxerit.

417 2193 446 2228 x.

82 2275 208 2329 Pretiosa
219 2274 293 2329 mille
305 2275 378 2328 dona
389 2276 423 2329 de
435 2275 480 2328 (lie
491 2274 519 2327 in
533 2275 613 2335 diem,

82 2372 119 2426 iit
131 2372 207 2426 mille
218 2371 315 2426 millies
327 2380 473 2441 reposcunt
485 2373 591 2441 gratias,

81 2469 118 2523 Et
131 2469 203 2523 inter
215 2468 260 2522 illa
272 2469 344 2523 dona
355 2484 402 2522 cor
415 2468 536 2530 laetabile,

81 2564 181 2620 Oblata
193 2563 267 2633 quod
279 2564 324 2633 pio
336 2563 432 2631 accipit
445 2580 506 2617 cum
520 2563 628 2632 gaudio.

408 2678 447 2714 xi.

82 2759 152 2816 vite
164 2775 213 2828 per
225 2775 306 2813 omne
318 2759 443 2822 stadium,
458 2759 569 2812 adultus
582 2765 609 2811 et
622 2774 715 2820 senex,

82 2854 282 2924 benignitatem
295 2855 466 2923 predicando
478 2868 641 2922 prosequar;

83 2952 297 3021 Amabilemque,
314 2951 365 3008 hoc
379 2969 480 3026 corpus
493 2960 610 3016 exutus,
622 2951 721 3008 tbeslm

75 3040 276 3112 Redintegrabo
289 3045 463 3105 seculorum
476 3049 505 3105 'm
521 3046 639 3105 soeculo.
