1830 3216
188 113 327 149 uniamur
347 113 488 149 nonanus.
687 97 739 148 26³

64 257 169 311 ululare
180 256 249 324 lupi;
270 273 395 324 quorum,
412 257 476 309 dum
490 257 586 309 bruma
597 255 731 316 manebat,

61 354 128 406 mitu
140 353 235 420 fugere
248 353 350 414 animae,
366 353 530 420 dubiamque
543 356 680 418 superstes

61 455 72 501 t
84 448 208 502 fremitus
221 455 349 508 mentem,
366 453 392 499 et
405 463 459 499 vox
470 446 616 514 posthuma
627 452 720 499 terret.

73 543 198 611 equidem
211 542 292 595 oredo
305 549 394 609 spreta
407 542 539 594 decedere
554 541 645 611 Cypro

61 656 85 691 te
93 638 168 707 jugis
181 636 324 698 Venerem,
339 636 482 704 gelidaque
495 636 545 688 sub
558 643 632 689 arcto

61 751 95 788 ‚re
107 735 221 793 choros;
247 733 271 785 si
283 733 342 800 quis
355 739 446 785 tamen
458 733 510 786 hoc
523 748 641 800 quoque,
655 732 739 800 siquis

62 846 148 882 imore
159 829 231 896 legat
243 828 328 889 littus,
343 835 379 889 te,
396 827 494 897 Phylli,
513 828 631 898 Myrice,

62 942 93 979 us
107 941 189 978 omne
202 923 290 983 canit;
310 923 455 977 formosam
468 925 577 977 arbusto
591 925 718 994 Lyco-rin,

62 1040 98 1075 un
111 1023 198 1075 doctae
212 1028 339 1074 resonant
354 1021 521 1090 Amaryllida
532 1022 622 1091 sytvae.

62 1121 117 1172 lent
129 1118 212 1187 pulsae
224 1119 316 1180 valles,
331 1118 465 1186 iteratque
474 1119 570 1187 jocose

62 1216 150 1283 imago
161 1236 167 1275 ;
188 1214 263 1266 rudis
275 1220 366 1281 stupet
378 1215 467 1282 arguti
478 1215 567 1267 incola
578 1215 633 1268 luci

62 1327 86 1364 rs
99 1310 192 1364 dulces
205 1325 312 1362 summo
325 1310 359 1362 de
372 1317 465 1363 monte
478 1311 609 1378 querelas,

62 1427 73 1469 ι,
91 1406 246 1460 Geniumne
258 1406 318 1468 loci,
336 1406 480 1460 Faunosne
493 1407 601 1462 locutos

62 1511 117 1557 tet:
136 1503 225 1556 fausto
239 1519 303 1554 mox
315 1503 423 1556 nescius
435 1504 526 1557 omine
538 1506 647 1573 gaudet,

62 1616 125 1669 sque
138 1598 221 1659 Deos,
237 1606 265 1651 et
280 1598 400 1652 Numina
412 1599 481 1653 ruris
493 1601 594 1654 adorat.

117 1752 291 1814 cantabrigiae,
303 1752 328 1799 in
342 1752 456 1800 Comitiis
468 1753 655 1816 posterioribus,
669 1752 737 1804 1721.

125 2099 330 2155 DEFENDIT
352 2097 555 2152 NUMERUS.

62 2258 219 2320 reindulsit,
234 2258 302 2320 selis,
317 2257 365 2310 tibi
377 2273 472 2325 parca;
492 2272 599 2309 novena

62 2354 107 2407 tibi
121 2361 167 2407 net
182 2353 310 2408 Lachesis
322 2353 367 2405 fila
379 2368 487 2405 novena
498 2352 567 2404 colo.

71 2450 152 2502 missa
164 2450 238 2502 voles
251 2449 315 2502 celsi
328 2449 363 2500 de
376 2446 494 2500 culmine
507 2446 580 2507 tecti,

63 2546 84 2598 is
96 2545 124 2597 in
137 2552 212 2598 tutos
224 2544 388 2612 precipitata
399 2543 493 2610 pedes,

63 2658 147 2694 seram
160 2642 224 2694 licet
236 2641 366 2694 infestent
377 2639 496 2707 laniique
508 2654 653 2706 canesque,

63 2737 94 2790 rii
106 2737 270 2798 exanimant,
285 2736 475 2789 exanimantve
488 2751 577 2787 canes.

63 2849 96 2884 re
107 2833 199 2892 semel,
216 2833 239 2886 si
253 2832 301 2896 bis,
317 2831 340 2887 si
352 2838 441 2895 terre,
456 2836 602 2902 quaterue,

63 2942 112 2978 ram
127 2928 243 2985 dimidia
255 2940 338 3002 parte
352 2937 507 3004 superstes
520 2927 590 2984 eris.
