1830 3216
463 409 571 464 APES.

119 586 197 638 Gsss
209 585 282 653 frugi
294 590 321 638 et
333 584 461 651 prudens,
477 599 590 651 operosa
603 589 630 636 et
640 583 761 651 provida,
777 584 858 636 vitam

156 682 245 742 Quam
257 681 361 749 placide
370 687 511 749 peragunt,
527 697 608 748 quum
622 681 760 748 sapienter
775 677 864 748 Apesl

118 775 199 830 Urbis
211 776 311 829 habent
324 777 394 830 inter
407 792 468 830 sess
481 776 628 837 consortia;
650 777 752 843 cuique

154 873 213 925 Stat
224 888 274 925 sua
285 888 346 940 pars
358 889 480 940 operum,
495 873 589 926 munia
600 872 700 940 cuique
717 889 777 926 sua

118 969 191 1020 Nota
209 968 306 1021 domus
318 984 368 1021 sua
380 969 488 1036 cuique,
504 969 631 1039 etjparvae
642 968 737 1021 limina
749 967 839 1029 cellaer

152 1063 189 1115 Et
202 1064 298 1116 suade
316 1064 405 1117 medio
418 1064 506 1132 portio
520 1064 618 1131 cuique
628 1064 681 1117 cibi
693 1071 745 1117 est.

118 1157 171 1212 Hic
184 1165 243 1212 esto
258 1160 384 1228 populus,
399 1176 443 1214 res
456 1166 515 1213 esto
528 1160 585 1214 haec
596 1159 711 1229 publica,
727 1159 816 1214 ducat

153 1253 235 1308 Unde
246 1271 311 1309 suos
323 1256 396 1309 cives
408 1257 557 1311 instituisse
571 1255 658 1310 Plato.

287 1849 461 1903 INGENIA
482 1850 524 1903 IN
546 1848 744 1903 OCCULTO.

115 1995 283 2048 Drscrruuos
297 1996 375 2048 varias
387 2003 475 2057 secte,
491 1995 623 2062 variaeque
635 1994 781 2048 studentes

152 2093 234 2153 Artis,
249 2109 376 2145 museum
390 2092 593 2146 Bethlemiense
605 2090 684 2159 capit.

116 2189 236 2241 Alterius
249 2189 345 2243 studiis
357 2190 428 2242 obsit
441 2206 476 2242 ne
487 2188 599 2242 forsitan
612 2188 688 2249 alter,

152 2286 283 2339 Obfirmat
295 2287 390 2340 cellam
400 2287 507 2354 portula
520 2286 618 2353 cuique
636 2301 724 2338 suam.

116 2382 210 2443 Qualis
225 2381 351 2449 Epicteto
364 2382 460 2444 lectus,
476 2381 616 2450 qualisque
629 2380 766 2442 cathedra,

150 2477 224 2530 Talis
236 2476 268 2530 iis
279 2477 376 2539 lectus,
392 2477 445 2529 tale
457 2477 540 2530 sedile
553 2477 640 2529 datur.

115 2573 178 2625 Neu
192 2571 309 2624 Phoebus
322 2572 402 2624 radiis
414 2571 496 2623 animi
506 2571 668 2639 perstringat
681 2569 793 2632 ocellos,

145 2667 278 2722 Excludit
290 2668 406 2722 nimium
416 2683 499 2735 parus
508 2667 627 2720 fenestra
635 2665 717 2719 diem.

94 2765 243 2822 Dulcibus
256 2767 305 2823 hic
319 2774 399 2823 totus
410 2763 501 2818 mus'is
509 2760 664 2816 incomitata
682 2759 816 2823 stimulet

128 2867 293 2937 Angustos
307 2865 458 2940 rhythmis
471 2850 802 2917 esrnrnnusoueimsz
897 2892 900 2897 ,
