1830 3216
304 139 421 175 ctum
440 138 570 175 OBEGUBA.

62 294 99 330 uc
112 277 219 344 species
231 294 322 331 rerum
333 278 443 346 iilapsae,
458 295 512 347 qua
520 284 597 346 porta
608 271 729 345 patescit,

62 381 142 426 >onte
154 389 203 426 sua
215 373 362 437 intrabunt,
378 381 405 428 et
417 381 520 442 puncto
533 373 662 441 temporis
674 389 730 425 uno

62 489 87 526 er
100 472 221 526 chartam
234 480 384 527 automatas
397 490 492 528 cernes
505 473 618 526 volitare
629 472 737 540 figuras.

68 569 165 631 Tales,
174 570 255 640 siqua
266 570 333 624 fides
347 571 474 638 Epicuro,
491 587 506 622 e
518 586 632 639 corpore
644 569 745 622 sensim

62 667 202 720 'embranae
213 667 375 735 aufugiunt;
396 667 482 720 oculis
495 684 555 720 sese
568 666 666 734 ingerit
679 667 752 720 ultro

62 763 157 824 imina,
172 763 345 831 sensibilique
357 764 461 816 intrans
472 763 536 816 ferit
549 780 650 831 organa
660 764 751 833 pulsu.

66 859 129 912 Jam
143 877 217 922 vero,
232 876 286 927 qua
298 861 324 913 vi
337 860 465 928 refringat
477 861 579 913 vitreus
593 861 675 912 umbo

62 961 172 1022 coeptos
184 956 252 1009 lucis
265 957 361 1017 radios,
376 973 429 1024 qua
441 957 502 1024 lege
514 962 642 1024 vagantes

62 1051 150 1119 alligat
162 1051 190 1103 in
203 1052 306 1104 nodum
317 1053 487 1120 complexus,
503 1058 531 1105 et
544 1053 598 1104 ima
610 1052 743 1118 supremis

62 1152 143 1206 ertat;
164 1163 213 1199 cur
222 1154 297 1200 amet
309 1148 435 1200 obtentas
447 1147 552 1214 pictura
564 1148 697 1208 tenebrae,

62 1242 137 1295 rdicis
149 1243 238 1310 arguti
249 1260 334 1311 quum
347 1259 401 1295 non
415 1243 542 1295 formidet
551 1259 675 1302 acumen,

62 1337 167 1406 spediat
179 1339 434 1408 physicus-neque
447 1338 519 1391 enim
533 1338 611 1391 datur
624 1338 715 1391 omnia
726 1338 795 1391 scire

62 1435 233 1488 itibus-hoc
245 1452 332 1487 unum
345 1436 409 1488 satis
422 1442 463 1488 est
475 1451 648 1502 cognoscere,
664 1435 738 1503 quod
750 1452 804 1487 non

65 1547 182 1592 cassum,
193 1531 333 1598 velutique
345 1530 402 1598 ipsi,
418 1537 514 1583 natura
525 1530 636 1584 laborat.

68 1627 162 1687 Quare
173 1644 231 1694 age,
247 1643 306 1695 quae
317 1642 399 1679 sensu
412 1627 513 1680 fuerint
526 1627 610 1695 magis
622 1627 708 1685 obvia,
723 1643 831 1679 mecum

62 1723 175 1790 inspice,
190 1740 241 1775 nec
254 1740 348 1776 causas
361 1740 451 1775 rerum
464 1730 585 1776 scrutare
597 1723 734 1789 repostas.

65 1818 140 1870 Ecce
152 1817 316 1885 superficies,
332 1833 412 1885 quam
425 1818 560 1886 quondam
574 1818 687 1886 ingloria
699 1818 799 1870 nudam

62 1916 127 1968 estiit
139 1915 243 1977 albedo,
259 1932 309 1968 ceu
322 1915 395 1968 mille
407 1915 542 1967 coloribus
558 1915 607 1967 iris

62 2013 148 2071 rbuta,
163 2017 282 2064 ostentat
295 2011 360 2063 varii
373 2011 526 2064 discrimina
536 2010 601 2072 suci,

62 2109 235 2176 rxuriemque
248 2125 354 2170 novam,
369 2109 499 2176 iautoque
511 2109 632 2176 superbit
641 2109 751 2162 amictu.

62 2206 126 2258 unis
138 2212 170 2257 ut
182 2205 282 2272 incepit
295 2205 370 2257 nulio
382 2206 528 2258 flavescere
540 2205 617 2258 cuitu

62 2303 175 2370 itempio
188 2310 294 2355 matura
306 2319 400 2370 seges;
417 2303 473 2371 jam
486 2319 569 2356 suave
583 2304 712 2356 rubentes

62 2417 101 2452 'ea
113 2405 213 2465 sponte
225 2399 376 2451 subfundit
390 2399 438 2451 tibi
452 2398 560 2452 Daedala
571 2400 660 2452 tiores.

62 2513 79 2549 c
94 2495 166 2547 mole
180 2495 278 2563 exigua
289 2502 387 2556 turres,
402 2495 580 2564 simulataque
593 2496 697 2563 magnis

62 2598 114 2644 ecta
126 2597 241 2658 angusta
253 2590 346 2643 vides:
367 2590 414 2642 sed
427 2607 514 2658 prono
527 2591 628 2644 vertice
640 2591 723 2643 turris

62 2703 153 2753 >super
166 2687 325 2753 impendens
338 2693 424 2747 nutat,
440 2704 617 2756 summusque
630 2688 757 2739 deorsum

62 2784 120 2852 rgit
133 2799 216 2850 apex:
238 2783 331 2837 caeium
341 2785 464 2838 subsedit
476 2786 509 2837 ad
524 2785 578 2838 ima
590 2785 703 2846 tabellae,

62 2895 133 2928 mma
143 2885 242 2949 petens
256 2882 369 2936 emersit
381 2882 491 2939 humus
504 2907 511 2939 ·.
530 2884 574 2940 sic
586 2884 718 2939 rusticus
728 2881 801 2932 oiim

62 2969 130 3018 cidit
141 2973 307 3038 antipodum
323 2996 445 3038 sursum
458 2983 676 3057 vestigianiti,

774 3089 795 3123 n
