1830 3216
127 249 320 316 CONSULE,
345 255 444 316 QUID
465 253 658 308 VALEANT
681 251 845 307 HUMnnl.

90 387 228 442 Rorusrrs
239 389 292 443 fert
305 391 439 444 mundum
451 390 580 452 humeris,
596 398 623 444 et
636 391 761 459 pondere
773 403 863 442 currus

127 484 220 545 Sudat,
236 492 263 537 et
276 485 381 553 ingenti
393 486 465 540 mole
476 486 579 538 laborat
595 485 682 538 Atlas.

92 580 169 641 Quos
182 597 289 643 nervos,
307 598 386 649 quarn
401 583 542 643 cervicem,
559 599 618 649 quae
630 580 748 643 brachia,
764 595 866 634 crurum

127 676 215 737 Quam
229 678 331 730 validos
345 692 432 730 nexus
446 686 500 731 tarn
513 690 594 746 grave
606 678 695 745 poscit
708 675 796 730 onus!

91 773 115 826 Ο
129 780 208 825 caute
221 774 342 834 incedes;
363 775 490 828 minimus
504 791 566 827 nam
578 774 601 826 si
613 773 662 826 tihi
674 774 767 842 lapsus

126 869 253 922 offendat
265 887 382 936 gressu&
396 871 489 923 omnia
501 870 661 924 corruimus.

188 1155 348 1209 OBSUNT
371 1155 628 1210 AUCTORIBUS
650 1154 791 1208 ARTES.

89 1302 292 1356 Insrruunnrn
306 1305 388 1366 necis,
404 1320 463 1372 quae
474 1304 576 1357 nitrum
590 1312 618 1357 et
631 1305 764 1372 sulphura
775 1306 871 1364 miscet,

125 1399 156 1450 In
169 1400 303 1452 flammam
315 1402 438 1469 ignescit,
453 1402 647 1476 subruiturque
663 1403 744 1455 mola.

89 1495 196 1549 Cuncta
208 1497 307 1558 volant,
322 1498 458 1565 laterique
470 1505 545 1551 artus
558 1505 586 1551 et
598 1515 662 1551 saxa
674 1500 826 1566 trabesque,

123 1591 160 1644 Et
173 1592 274 1645 distans
287 1593 377 1646 subito
389 1593 503 1647 fulmine
516 1601 588 1647 terra
599 1595 700 1647 tremit.

88 1688 179 1740 Triste
191 1704 278 1756 genus
290 1687 374 1741 lethi!
395 1690 443 1742 sed
456 1705 519 1757 quo,
535 1690 558 1742 si
568 1689 666 1742 funere
679 1691 728 1743 tali

122 1783 229 1851 Dignus
243 1789 300 1836 erat
312 1783 462 1851 quisquam,
478 1784 576 1854 dignus
590 1792 617 1838 et
628 1793 725 1839 auctor
738 1792 805 1839 erat.

300 2012 354 2065 UT
374 2012 499 2076 VIVAS,
521 2013 669 2067 VIGILA.

87 2160 140 2213 Cur
153 2177 226 2215 mors
239 2169 280 2215 est
292 2163 407 2225 lucrum,
423 2164 468 2216 eui
480 2180 552 2216 mors
565 2172 607 2216 est
615 2163 699 2231 janua
713 2163 782 2224 vitae,

122 2255 222 2308 Tristia
234 2258 280 2324 qui
292 2265 368 2310 curat
380 2257 484 2319 funera,
499 2259 582 2312 tristis
595 2259 677 2311 horno
690 2265 731 2311 est
743 2281 749 2310 z

84 2352 219 2405 Discurrit
232 2360 316 2406 totam
330 2354 470 2407 venaticus
482 2355 527 2407 ille
539 2372 587 2423 per
600 2357 703 2417 urbem,

121 2449 170 2502 Ille
183 2450 242 2516 quis
255 2457 373 2518 aegrotat,
388 2452 448 2518 quis
462 2452 638 2520 moriturque,
654 2459 737 2520 rogat.

86 2543 180 2606 Curre,
195 2561 271 2612 puer,
287 2546 422 2608 sonuitne,
438 2563 510 2615 roga,
526 2547 672 2615 campana?
690 2547 819 2611 fenestra,

121 2639 255 2692 Indicium
268 2641 371 2702 mortis,
387 2658 446 2709 quae
458 2642 493 2694 sit
505 2650 604 2710 aperta,
620 2642 690 2695 vide.

77 2733 160 2789 Alter
171 2735 252 2802 enirn,
270 2743 377 2809 satagas
389 2737 419 2791 ni
431 2738 470 2792 sie
481 2738 601 2806 riguere,
614 2739 737 2798 eederet,

102 2834 161 2897 Qui
174 2837 245 2893 mihi
258 2838 414 2913 praeripiet,
428 2836 539 2897 ruitur,
554 2840 584 2885 et
594 2833 664 2884 niter
677 2831 741 2880 erit.
