<?xml version="1.0" encoding="UTF-8"?>
<!DOCTYPE html PUBLIC "-//W3C//DTD XHTML 1.0 Transitional//EN"
    "http://www.w3.org/TR/xhtml1/DTD/xhtml1-transitional.dtd">
<html xmlns="http://www.w3.org/1999/xhtml" xml:lang="en" lang="en">
 <head>
  <title>
</title>
<meta http-equiv="Content-Type" content="text/html;charset=utf-8" />
  <meta name='ocr-system' content='tesseract 3.04.00' />
  <meta name='ocr-capabilities' content='ocr_page ocr_carea ocr_par ocr_line ocrx_word'/>
</head>
<body>
  <div class='ocr_page' id='page_1' title='image "./poeticalworksla00bourgoog_0227.png"; bbox 0 0 1830 3216; ppageno 0'>
   <div class='ocr_carea' id='block_1_1' title="bbox 346 551 590 606">
    <p class='ocr_par' dir='ltr' id='par_1_1' title="bbox 346 551 590 606">
     <span class='ocr_line' id='line_1_1' title="bbox 346 551 590 606; baseline 0.004 -2"><span class='ocrx_word' id='word_1_1' title='bbox 346 551 590 606; x_wconf 82' lang='lat' dir='ltr'><strong>CORNICULA.</strong></span> 
     </span>
    </p>
   </div>
   <div class='ocr_carea' id='block_1_2' title="bbox 71 765 805 2080">
    <p class='ocr_par' dir='ltr' id='par_1_2' title="bbox 71 765 781 932">
     <span class='ocr_line' id='line_1_2' title="bbox 71 765 781 834; baseline 0 -16"><span class='ocrx_word' id='word_1_2' title='bbox 71 766 178 818; x_wconf 77' lang='lat' dir='ltr'><strong>Nmaas</strong></span> <span class='ocrx_word' id='word_1_3' title='bbox 192 765 262 818; x_wconf 90' lang='lat' dir='ltr'><strong>inter</strong></span> <span class='ocrx_word' id='word_1_4' title='bbox 275 783 339 819; x_wconf 88' lang='lat' dir='ltr'><strong>aves</strong></span> <span class='ocrx_word' id='word_1_5' title='bbox 351 767 407 819; x_wconf 89' lang='lat' dir='ltr'><strong>avis</strong></span> <span class='ocrx_word' id='word_1_6' title='bbox 420 774 470 828; x_wconf 90' lang='lat' dir='ltr'><strong>est,</strong></span> <span class='ocrx_word' id='word_1_7' title='bbox 486 782 545 834; x_wconf 84' lang='lat' dir='ltr'><strong>quae</strong></span> <span class='ocrx_word' id='word_1_8' title='bbox 557 766 674 834; x_wconf 86' lang='lat' dir='ltr'><strong>plurima</strong></span> <span class='ocrx_word' id='word_1_9' title='bbox 685 773 781 826; x_wconf 86' lang='lat' dir='ltr'><strong>turres,</strong></span> 
     </span>
     <span class='ocr_line' id='line_1_3' title="bbox 107 862 634 932; baseline 0.006 -19"><span class='ocrx_word' id='word_1_10' title='bbox 107 862 241 930; x_wconf 81' lang='lat' dir='ltr'><strong>Antiquae</strong></span> <span class='ocrx_word' id='word_1_11' title='bbox 253 863 331 925; x_wconf 83' lang='lat' dir='ltr'><strong>aedes,</strong></span> <span class='ocrx_word' id='word_1_12' title='bbox 347 865 473 932; x_wconf 88' lang='lat' dir='ltr'><strong>celsaque</strong></span> <span class='ocrx_word' id='word_1_13' title='bbox 485 863 548 916; x_wconf 83' lang='lat' dir='ltr'><strong>iana</strong></span> <span class='ocrx_word' id='word_1_14' title='bbox 560 864 634 916; x_wconf 90' lang='lat' dir='ltr'><strong>colit.</strong></span> 
     </span>
    </p>

    <p class='ocr_par' dir='ltr' id='par_1_3' title="bbox 71 957 765 1121">
     <span class='ocr_line' id='line_1_4' title="bbox 71 957 765 1027; baseline 0.006 -19"><span class='ocrx_word' id='word_1_15' title='bbox 71 957 118 1009; x_wconf 94' lang='lat' dir='ltr'><strong>Nil</strong></span> <span class='ocrx_word' id='word_1_16' title='bbox 129 964 184 1010; x_wconf 86' lang='lat' dir='ltr'><strong>tam</strong></span> <span class='ocrx_word' id='word_1_17' title='bbox 197 959 312 1012; x_wconf 86' lang='lat' dir='ltr'><strong>sublime</strong></span> <span class='ocrx_word' id='word_1_18' title='bbox 325 967 374 1020; x_wconf 91' lang='lat' dir='ltr'><strong>est,</strong></span> <span class='ocrx_word' id='word_1_19' title='bbox 390 960 464 1027; x_wconf 92' lang='lat' dir='ltr'><strong>quod</strong></span> <span class='ocrx_word' id='word_1_20' title='bbox 477 976 533 1012; x_wconf 92' lang='lat' dir='ltr'><strong>non</strong></span> <span class='ocrx_word' id='word_1_21' title='bbox 545 960 649 1012; x_wconf 77' lang='lat' dir='ltr'>audace</span> <span class='ocrx_word' id='word_1_22' title='bbox 662 959 765 1020; x_wconf 84' lang='lat' dir='ltr'><strong>volatu,</strong></span> 
     </span>
     <span class='ocr_line' id='line_1_5' title="bbox 107 1052 575 1121; baseline 0.002 -17"><span class='ocrx_word' id='word_1_23' title='bbox 107 1052 196 1106; x_wconf 76' lang='lat' dir='ltr'><strong>Airiis</strong></span> <span class='ocrx_word' id='word_1_24' title='bbox 208 1069 339 1121; x_wconf 90' lang='lat' dir='ltr'><strong>spernens</strong></span> <span class='ocrx_word' id='word_1_25' title='bbox 351 1054 484 1116; x_wconf 86' lang='lat' dir='ltr'><strong>inferiora,</strong></span> <span class='ocrx_word' id='word_1_26' title='bbox 499 1054 575 1121; x_wconf 86' lang='lat' dir='ltr'><strong>petit.</strong></span> 
     </span>
    </p>

    <p class='ocr_par' dir='ltr' id='par_1_4' title="bbox 73 1148 781 1315">
     <span class='ocr_line' id='line_1_6' title="bbox 73 1148 781 1218; baseline 0.003 -18"><span class='ocrx_word' id='word_1_27' title='bbox 73 1148 135 1209; x_wconf 85' lang='lat' dir='ltr'><strong>Quo</strong></span> <span class='ocrx_word' id='word_1_28' title='bbox 148 1165 229 1202; x_wconf 93' lang='lat' dir='ltr'><strong>nemo</strong></span> <span class='ocrx_word' id='word_1_29' title='bbox 242 1151 378 1211; x_wconf 81' lang='lat' dir='ltr'><strong>ascendat,</strong></span> <span class='ocrx_word' id='word_1_30' title='bbox 394 1151 438 1203; x_wconf 90' lang='lat' dir='ltr'><strong>cui</strong></span> <span class='ocrx_word' id='word_1_31' title='bbox 450 1166 506 1202; x_wconf 91' lang='lat' dir='ltr'><strong>non</strong></span> <span class='ocrx_word' id='word_1_32' title='bbox 520 1151 625 1218; x_wconf 88' lang='lat' dir='ltr'><strong>vertigo</strong></span> <span class='ocrx_word' id='word_1_33' title='bbox 638 1151 781 1203; x_wconf 86' lang='lat' dir='ltr'><strong>cerebrum</strong></span> 
     </span>
     <span class='ocr_line' id='line_1_7' title="bbox 108 1243 694 1315; baseline 0.002 -18"><span class='ocrx_word' id='word_1_34' title='bbox 108 1243 248 1313; x_wconf 84' lang='lat' dir='ltr'>Corripiat,</span> <span class='ocrx_word' id='word_1_35' title='bbox 260 1253 335 1299; x_wconf 91' lang='lat' dir='ltr'><strong>certe</strong></span> <span class='ocrx_word' id='word_1_36' title='bbox 348 1245 422 1299; x_wconf 90' lang='lat' dir='ltr'><strong>hunc</strong></span> <span class='ocrx_word' id='word_1_37' title='bbox 434 1246 523 1315; x_wconf 83' lang='lat' dir='ltr'><strong>seligit</strong></span> <span class='ocrx_word' id='word_1_38' title='bbox 536 1245 581 1298; x_wconf 89' lang='lat' dir='ltr'><strong>illa</strong></span> <span class='ocrx_word' id='word_1_39' title='bbox 592 1245 694 1298; x_wconf 91' lang='lat' dir='ltr'><strong>locum.</strong></span> 
     </span>
    </p>

    <p class='ocr_par' dir='ltr' id='par_1_5' title="bbox 73 1339 732 1504">
     <span class='ocr_line' id='line_1_8' title="bbox 73 1339 732 1408; baseline 0 -16"><span class='ocrx_word' id='word_1_40' title='bbox 73 1339 136 1401; x_wconf 85' lang='lat' dir='ltr'><strong>Quo</strong></span> <span class='ocrx_word' id='word_1_41' title='bbox 150 1341 195 1393; x_wconf 87' lang='lat' dir='ltr'><strong>vix</strong></span> <span class='ocrx_word' id='word_1_42' title='bbox 207 1358 224 1393; x_wconf 89' lang='lat' dir='ltr'><strong>a</strong></span> <span class='ocrx_word' id='word_1_43' title='bbox 234 1347 307 1393; x_wconf 86' lang='lat' dir='ltr'><strong>terra</strong></span> <span class='ocrx_word' id='word_1_44' title='bbox 319 1348 350 1393; x_wconf 90' lang='lat' dir='ltr'><strong>tu</strong></span> <span class='ocrx_word' id='word_1_45' title='bbox 362 1340 476 1408; x_wconf 90' lang='lat' dir='ltr'><strong>suspicis</strong></span> <span class='ocrx_word' id='word_1_46' title='bbox 488 1340 590 1408; x_wconf 84' lang='lat' dir='ltr'><strong>absque</strong></span> <span class='ocrx_word' id='word_1_47' title='bbox 602 1347 732 1402; x_wconf 87' lang='lat' dir='ltr'><strong>tremore,</strong></span> 
     </span>
     <span class='ocr_line' id='line_1_9' title="bbox 108 1435 679 1504; baseline 0 -16"><span class='ocrx_word' id='word_1_48' title='bbox 108 1436 158 1488; x_wconf 90' lang='lat' dir='ltr'><strong>illa</strong></span> <span class='ocrx_word' id='word_1_49' title='bbox 169 1443 259 1490; x_wconf 90' lang='lat' dir='ltr'><strong>metus</strong></span> <span class='ocrx_word' id='word_1_50' title='bbox 271 1453 368 1504; x_wconf 85' lang='lat' dir='ltr'>expers</span> <span class='ocrx_word' id='word_1_51' title='bbox 381 1436 579 1504; x_wconf 87' lang='lat' dir='ltr'><strong>incolumisque</strong></span> <span class='ocrx_word' id='word_1_52' title='bbox 591 1435 679 1488; x_wconf 90' lang='lat' dir='ltr'><strong>sedet.</strong></span> 
     </span>
    </p>

    <p class='ocr_par' dir='ltr' id='par_1_6' title="bbox 72 1531 636 1696">
     <span class='ocr_line' id='line_1_10' title="bbox 72 1531 636 1600; baseline 0 -17"><span class='ocrx_word' id='word_1_53' title='bbox 72 1531 185 1585; x_wconf 82' lang='lat' dir='ltr'><strong>Lamina</strong></span> <span class='ocrx_word' id='word_1_54' title='bbox 197 1532 303 1585; x_wconf 86' lang='lat' dir='ltr'><strong>delubri</strong></span> <span class='ocrx_word' id='word_1_55' title='bbox 315 1548 398 1600; x_wconf 87' lang='lat' dir='ltr'><strong>supra</strong></span> <span class='ocrx_word' id='word_1_56' title='bbox 407 1531 521 1600; x_wconf 83' lang='lat' dir='ltr'><strong>fastigia,</strong></span> <span class='ocrx_word' id='word_1_57' title='bbox 537 1538 636 1584; x_wconf 89' lang='lat' dir='ltr'><strong>ventus</strong></span> 
     </span>
     <span class='ocr_line' id='line_1_11' title="bbox 110 1627 627 1696; baseline 0.004 -18"><span class='ocrx_word' id='word_1_58' title='bbox 110 1627 173 1688; x_wconf 85' lang='lat' dir='ltr'><strong>Qua</strong></span> <span class='ocrx_word' id='word_1_59' title='bbox 184 1627 244 1680; x_wconf 78' lang='lat' dir='ltr'><strong>eali</strong></span> <span class='ocrx_word' id='word_1_60' title='bbox 255 1627 338 1696; x_wconf 84' lang='lat' dir='ltr'><strong>spiret</strong></span> <span class='ocrx_word' id='word_1_61' title='bbox 350 1628 385 1681; x_wconf 85' lang='lat' dir='ltr'><strong>de</strong></span> <span class='ocrx_word' id='word_1_62' title='bbox 397 1628 516 1696; x_wconf 80' lang='lat' dir='ltr'><strong>regione,</strong></span> <span class='ocrx_word' id='word_1_63' title='bbox 531 1628 612 1680; x_wconf 90' lang='lat' dir='ltr'><strong>docet</strong></span> <span class='ocrx_word' id='word_1_64' title='bbox 619 1649 627 1688; x_wconf 78' lang='lat' dir='ltr'><strong>t</strong></span> 
     </span>
    </p>

    <p class='ocr_par' dir='ltr' id='par_1_7' title="bbox 73 1722 738 1886">
     <span class='ocr_line' id='line_1_12' title="bbox 73 1722 738 1792; baseline 0.002 -17"><span class='ocrx_word' id='word_1_65' title='bbox 73 1722 152 1776; x_wconf 88' lang='lat' dir='ltr'><strong>Hanc</strong></span> <span class='ocrx_word' id='word_1_66' title='bbox 165 1740 197 1776; x_wconf 91' lang='lat' dir='ltr'><strong>ea</strong></span> <span class='ocrx_word' id='word_1_67' title='bbox 208 1740 262 1792; x_wconf 79' lang='lat' dir='ltr'><strong>pra</strong></span> <span class='ocrx_word' id='word_1_68' title='bbox 273 1723 383 1792; x_wconf 88' lang='lat' dir='ltr'><strong>reliquis</strong></span> <span class='ocrx_word' id='word_1_69' title='bbox 395 1724 506 1784; x_wconf 84' lang='lat' dir='ltr'><strong>mavult,</strong></span> <span class='ocrx_word' id='word_1_70' title='bbox 520 1740 617 1777; x_wconf 86' lang='lat' dir='ltr'><strong>secura</strong></span> <span class='ocrx_word' id='word_1_71' title='bbox 627 1723 738 1792; x_wconf 87' lang='lat' dir='ltr'><strong>peric’li,</strong></span> 
     </span>
     <span class='ocr_line' id='line_1_13' title="bbox 110 1818 696 1886; baseline 0.002 -16"><span class='ocrx_word' id='word_1_72' title='bbox 110 1818 169 1871; x_wconf 92' lang='lat' dir='ltr'><strong>Nec</strong></span> <span class='ocrx_word' id='word_1_73' title='bbox 183 1825 267 1881; x_wconf 87' lang='lat' dir='ltr'><strong>curat,</strong></span> <span class='ocrx_word' id='word_1_74' title='bbox 283 1819 385 1872; x_wconf 92' lang='lat' dir='ltr'><strong>nedum</strong></span> <span class='ocrx_word' id='word_1_75' title='bbox 398 1818 506 1886; x_wconf 88' lang='lat' dir='ltr'><strong>cogitat,</strong></span> <span class='ocrx_word' id='word_1_76' title='bbox 523 1818 597 1872; x_wconf 94' lang='lat' dir='ltr'><strong>unde</strong></span> <span class='ocrx_word' id='word_1_77' title='bbox 609 1819 696 1872; x_wconf 90' lang='lat' dir='ltr'><strong>cadat.</strong></span> 
     </span>
    </p>

    <p class='ocr_par' dir='ltr' id='par_1_8' title="bbox 73 1915 805 2080">
     <span class='ocr_line' id='line_1_14' title="bbox 73 1915 805 1985; baseline 0.004 -17"><span class='ocrx_word' id='word_1_78' title='bbox 73 1915 129 1968; x_wconf 87' lang='lat' dir='ltr'><strong>Res</strong></span> <span class='ocrx_word' id='word_1_79' title='bbox 142 1916 206 1969; x_wconf 91' lang='lat' dir='ltr'><strong>inde</strong></span> <span class='ocrx_word' id='word_1_80' title='bbox 217 1915 357 1978; x_wconf 87' lang='lat' dir='ltr'><strong>humanas,</strong></span> <span class='ocrx_word' id='word_1_81' title='bbox 372 1917 421 1969; x_wconf 89' lang='lat' dir='ltr'><strong>sed</strong></span> <span class='ocrx_word' id='word_1_82' title='bbox 433 1932 541 1969; x_wconf 89' lang='lat' dir='ltr'><strong>summa</strong></span> <span class='ocrx_word' id='word_1_83' title='bbox 552 1931 599 1983; x_wconf 90' lang='lat' dir='ltr'><strong>per</strong></span> <span class='ocrx_word' id='word_1_84' title='bbox 612 1916 675 1979; x_wconf 86' lang='lat' dir='ltr'><strong>otia,</strong></span> <span class='ocrx_word' id='word_1_85' title='bbox 690 1927 805 1985; x_wconf 88' lang='lat' dir='ltr'><strong>spectat,</strong></span> 
     </span>
     <span class='ocr_line' id='line_1_15' title="bbox 109 2010 701 2080; baseline 0.002 -17"><span class='ocrx_word' id='word_1_86' title='bbox 109 2011 146 2064; x_wconf 87' lang='lat' dir='ltr'><strong>Et</strong></span> <span class='ocrx_word' id='word_1_87' title='bbox 158 2010 226 2064; x_wconf 90' lang='lat' dir='ltr'><strong>nihil</strong></span> <span class='ocrx_word' id='word_1_88' title='bbox 237 2012 271 2064; x_wconf 90' lang='lat' dir='ltr'><strong>ad</strong></span> <span class='ocrx_word' id='word_1_89' title='bbox 283 2028 353 2074; x_wconf 85' lang='lat' dir='ltr'><strong>sese,</strong></span> <span class='ocrx_word' id='word_1_90' title='bbox 369 2028 436 2080; x_wconf 88' lang='lat' dir='ltr'><strong>quas</strong></span> <span class='ocrx_word' id='word_1_91' title='bbox 449 2012 531 2074; x_wconf 84' lang='lat' dir='ltr'><strong>videt,</strong></span> <span class='ocrx_word' id='word_1_92' title='bbox 547 2027 606 2064; x_wconf 88' lang='lat' dir='ltr'><strong>esse</strong></span> <span class='ocrx_word' id='word_1_93' title='bbox 620 2011 701 2064; x_wconf 89' lang='lat' dir='ltr'><strong>videt.</strong></span> 
     </span>
    </p>
   </div>
   <div class='ocr_carea' id='block_1_3' title="bbox 74 2107 775 2649">
    <p class='ocr_par' dir='ltr' id='par_1_9' title="bbox 74 2107 775 2273">
     <span class='ocr_line' id='line_1_16' title="bbox 74 2107 775 2177; baseline 0.004 -17"><span class='ocrx_word' id='word_1_94' title='bbox 74 2107 233 2162; x_wconf 87' lang='lat' dir='ltr'><strong>Concursus</strong></span> <span class='ocrx_word' id='word_1_95' title='bbox 245 2115 357 2177; x_wconf 86' lang='lat' dir='ltr'><strong>spectat,</strong></span> <span class='ocrx_word' id='word_1_96' title='bbox 372 2110 515 2176; x_wconf 84' lang='lat' dir='ltr'><strong>plateaque</strong></span> <span class='ocrx_word' id='word_1_97' title='bbox 528 2109 636 2176; x_wconf 88' lang='lat' dir='ltr'><strong>negotia</strong></span> <span class='ocrx_word' id='word_1_98' title='bbox 649 2108 677 2161; x_wconf 91' lang='lat' dir='ltr'><strong>in</strong></span> <span class='ocrx_word' id='word_1_99' title='bbox 690 2110 775 2172; x_wconf 89' lang='lat' dir='ltr'><strong>omni,</strong></span> 
     </span>
     <span class='ocr_line' id='line_1_17' title="bbox 111 2204 652 2273; baseline -0.002 -15"><span class='ocrx_word' id='word_1_100' title='bbox 111 2204 212 2258; x_wconf 89' lang='lat' dir='ltr'><strong>Omnia</strong></span> <span class='ocrx_word' id='word_1_101' title='bbox 222 2221 271 2272; x_wconf 86' lang='lat' dir='ltr'><strong>pro</strong></span> <span class='ocrx_word' id='word_1_102' title='bbox 285 2205 365 2273; x_wconf 87' lang='lat' dir='ltr'><strong>nugis</strong></span> <span class='ocrx_word' id='word_1_103' title='bbox 374 2212 402 2257; x_wconf 89' lang='lat' dir='ltr'><strong>at</strong></span> <span class='ocrx_word' id='word_1_104' title='bbox 414 2204 549 2273; x_wconf 82' lang='lat' dir='ltr'><strong>sapienter</strong></span> <span class='ocrx_word' id='word_1_105' title='bbox 562 2204 652 2257; x_wconf 90' lang='lat' dir='ltr'><strong>habet.</strong></span> 
     </span>
    </p>

    <p class='ocr_par' dir='ltr' id='par_1_10' title="bbox 75 2301 743 2465">
     <span class='ocr_line' id='line_1_18' title="bbox 75 2301 743 2370; baseline -0.001 -14"><span class='ocrx_word' id='word_1_106' title='bbox 75 2301 222 2364; x_wconf 85' lang='lat' dir='ltr'><strong>Clamores,</strong></span> <span class='ocrx_word' id='word_1_107' title='bbox 238 2318 306 2370; x_wconf 91' lang='lat' dir='ltr'><strong>quos</strong></span> <span class='ocrx_word' id='word_1_108' title='bbox 319 2303 388 2354; x_wconf 88' lang='lat' dir='ltr'><strong>infra</strong></span> <span class='ocrx_word' id='word_1_109' title='bbox 399 2301 482 2363; x_wconf 91' lang='lat' dir='ltr'><strong>audit,</strong></span> <span class='ocrx_word' id='word_1_110' title='bbox 497 2301 521 2354; x_wconf 93' lang='lat' dir='ltr'><strong>si</strong></span> <span class='ocrx_word' id='word_1_111' title='bbox 533 2301 645 2354; x_wconf 85' lang='lat' dir='ltr'><strong>forsitan</strong></span> <span class='ocrx_word' id='word_1_112' title='bbox 657 2302 743 2363; x_wconf 90' lang='lat' dir='ltr'><strong>audit,</strong></span> 
     </span>
     <span class='ocr_line' id='line_1_19' title="bbox 112 2396 654 2465; baseline 0.002 -17"><span class='ocrx_word' id='word_1_113' title='bbox 112 2396 165 2448; x_wconf 88' lang='lat' dir='ltr'><strong>Pro</strong></span> <span class='ocrx_word' id='word_1_114' title='bbox 178 2398 259 2450; x_wconf 84' lang='lat' dir='ltr'><strong>rebus</strong></span> <span class='ocrx_word' id='word_1_115' title='bbox 271 2397 348 2450; x_wconf 91' lang='lat' dir='ltr'><strong>nihili</strong></span> <span class='ocrx_word' id='word_1_116' title='bbox 359 2397 479 2465; x_wconf 85' lang='lat' dir='ltr'><strong>negligit,</strong></span> <span class='ocrx_word' id='word_1_117' title='bbox 494 2405 521 2450; x_wconf 94' lang='lat' dir='ltr'><strong>et</strong></span> <span class='ocrx_word' id='word_1_118' title='bbox 534 2397 654 2450; x_wconf 84' lang='lat' dir='ltr'><strong>crocitat.</strong></span> 
     </span>
    </p>

    <p class='ocr_par' dir='ltr' id='par_1_11' title="bbox 76 2492 689 2649">
     <span class='ocr_line' id='line_1_20' title="bbox 76 2492 689 2560; baseline 0 -15"><span class='ocrx_word' id='word_1_119' title='bbox 76 2493 126 2545; x_wconf 88' lang='lat' dir='ltr'><strong>Ille</strong></span> <span class='ocrx_word' id='word_1_120' title='bbox 138 2492 187 2544; x_wconf 94' lang='lat' dir='ltr'><strong>tibi</strong></span> <span class='ocrx_word' id='word_1_121' title='bbox 199 2492 325 2556; x_wconf 88' lang='lat' dir='ltr'><strong>invideat,</strong></span> <span class='ocrx_word' id='word_1_122' title='bbox 339 2492 403 2545; x_wconf 83' lang='lat' dir='ltr'><strong>felix</strong></span> <span class='ocrx_word' id='word_1_123' title='bbox 416 2492 562 2554; x_wconf 87' lang='lat' dir='ltr'><strong>cornicula,</strong></span> <span class='ocrx_word' id='word_1_124' title='bbox 577 2509 689 2560; x_wconf 86' lang='lat' dir='ltr'><strong>pennas,</strong></span> 
     </span>
     <span class='ocr_line' id='line_1_21' title="bbox 114 2587 643 2649; baseline -0.004 -7"><span class='ocrx_word' id='word_1_125' title='bbox 114 2587 170 2649; x_wconf 88' lang='lat' dir='ltr'><strong>Qui</strong></span> <span class='ocrx_word' id='word_1_126' title='bbox 181 2588 220 2642; x_wconf 86' lang='lat' dir='ltr'><strong>sic</strong></span> <span class='ocrx_word' id='word_1_127' title='bbox 232 2588 358 2642; x_wconf 88' lang='lat' dir='ltr'><strong>humanis</strong></span> <span class='ocrx_word' id='word_1_128' title='bbox 369 2589 450 2642; x_wconf 85' lang='lat' dir='ltr'><strong>rebus</strong></span> <span class='ocrx_word' id='word_1_129' title='bbox 462 2590 557 2642; x_wconf 90' lang='lat' dir='ltr'><strong>abesse</strong></span> <span class='ocrx_word' id='word_1_130' title='bbox 570 2588 643 2641; x_wconf 87' lang='lat' dir='ltr'><strong>velit.</strong></span> 
     </span>
    </p>
   </div>
   <div class='ocr_carea' id='block_1_4' title="bbox 0 0 927 3216">
    <p class='ocr_par' dir='ltr' id='par_1_12' title="bbox 0 0 927 3216">
     <span class='ocr_line' id='line_1_22' title="bbox 0 0 927 3216; baseline 0 0"><span class='ocrx_word' id='word_1_131' title='bbox 0 0 927 3216; x_wconf 95' lang='lat' dir='ltr'><strong> </strong></span> 
     </span>
    </p>
   </div>
  </div>
 </body>
</html>
