<?xml version="1.0" encoding="UTF-8"?>
<!DOCTYPE html PUBLIC "-//W3C//DTD XHTML 1.0 Transitional//EN"
    "http://www.w3.org/TR/xhtml1/DTD/xhtml1-transitional.dtd">
<html xmlns="http://www.w3.org/1999/xhtml" xml:lang="en" lang="en">
 <head>
  <title>
</title>
<meta http-equiv="Content-Type" content="text/html;charset=utf-8" />
  <meta name='ocr-system' content='tesseract 3.04.00' />
  <meta name='ocr-capabilities' content='ocr_page ocr_carea ocr_par ocr_line ocrx_word'/>
</head>
<body>
  <div class='ocr_page' id='page_1' title='image "./poeticalworksla00bourgoog_0258.png"; bbox 0 0 1830 3216; ppageno 0'>
   <div class='ocr_carea' id='block_1_1' title="bbox 279 88 879 154">
    <p class='ocr_par' dir='ltr' id='par_1_1' title="bbox 279 88 879 154">
     <span class='ocr_line' id='line_1_1' title="bbox 279 88 879 154; baseline 0.002 -3"><span class='ocrx_word' id='word_1_1' title='bbox 279 117 368 154; x_wconf 79' lang='lat' dir='ltr'>nacon</span> <span class='ocrx_word' id='word_1_2' title='bbox 387 115 537 153; x_wconf 70' lang='lat' dir='ltr'>ansuinus.</span> <span class='ocrx_word' id='word_1_3' title='bbox 762 104 813 152; x_wconf 80' lang='lat'>239</span> <span class='ocrx_word' id='word_1_4' title='bbox 876 88 879 95; x_wconf 45' lang='lat'>¹</span> 
     </span>
    </p>
   </div>
   <div class='ocr_carea' id='block_1_2' title="bbox 16 255 814 802">
    <p class='ocr_par' dir='ltr' id='par_1_2' title="bbox 16 255 721 424">
     <span class='ocr_line' id='line_1_2' title="bbox 16 255 721 327; baseline 0.003 -18"><span class='ocrx_word' id='word_1_5' title='bbox 16 255 169 312; x_wconf 75' lang='lat' dir='ltr'>Innumeras</span> <span class='ocrx_word' id='word_1_6' title='bbox 180 259 287 314; x_wconf 83' lang='lat' dir='ltr'>haleces</span> <span class='ocrx_word' id='word_1_7' title='bbox 300 260 377 313; x_wconf 88' lang='lat' dir='ltr'>doliis</span> <span class='ocrx_word' id='word_1_8' title='bbox 391 260 566 313; x_wconf 82' lang='lat' dir='ltr'>cumulantur</span> <span class='ocrx_word' id='word_1_9' title='bbox 578 259 606 312; x_wconf 92' lang='lat' dir='ltr'>in</span> <span class='ocrx_word' id='word_1_10' title='bbox 618 259 721 327; x_wconf 85' lang='lat' dir='ltr'>amplis,</span> 
     </span>
     <span class='ocr_line' id='line_1_3' title="bbox 50 355 599 424; baseline 0 -16"><span class='ocrx_word' id='word_1_11' title='bbox 50 355 88 408; x_wconf 86' lang='lat' dir='ltr'>Et</span> <span class='ocrx_word' id='word_1_12' title='bbox 100 355 256 409; x_wconf 81' lang='lat' dir='ltr'><strong>salsamenti</strong></span> <span class='ocrx_word' id='word_1_13' title='bbox 266 355 393 410; x_wconf 90' lang='lat' dir='ltr'>conditur</span> <span class='ocrx_word' id='word_1_14' title='bbox 406 372 487 409; x_wconf 91' lang='lat' dir='ltr'>omne</span> <span class='ocrx_word' id='word_1_15' title='bbox 504 372 599 424; x_wconf 79' lang='lat' dir='ltr'>genua.</span> 
     </span>
    </p>

    <p class='ocr_par' dir='ltr' id='par_1_3' title="bbox 20 447 814 614">
     <span class='ocr_line' id='line_1_4' title="bbox 20 447 814 519; baseline -0.001 -15"><span class='ocrx_word' id='word_1_16' title='bbox 20 447 100 519; x_wconf 82' lang='lat' dir='ltr'>Gaepe</span> <span class='ocrx_word' id='word_1_17' title='bbox 112 467 197 504; x_wconf 87' lang='lat' dir='ltr'>manu</span> <span class='ocrx_word' id='word_1_18' title='bbox 209 457 250 504; x_wconf 88' lang='lat' dir='ltr'>est</span> <span class='ocrx_word' id='word_1_19' title='bbox 262 450 357 519; x_wconf 87' lang='lat' dir='ltr'>majus,</span> <span class='ocrx_word' id='word_1_20' title='bbox 369 459 535 518; x_wconf 85' lang='lat' dir='ltr'>paetumque,</span> <span class='ocrx_word' id='word_1_21' title='bbox 549 450 585 504; x_wconf 93' lang='lat' dir='ltr'>oh</span> <span class='ocrx_word' id='word_1_22' title='bbox 597 466 699 503; x_wconf 90' lang='lat' dir='ltr'>nausea</span> <span class='ocrx_word' id='word_1_23' title='bbox 710 449 796 517; x_wconf 88' lang='lat' dir='ltr'>turpis</span> <span class='ocrx_word' id='word_1_24' title='bbox 808 448 814 503; x_wconf 86' lang='lat' dir='ltr'>l</span> 
     </span>
     <span class='ocr_line' id='line_1_5' title="bbox 52 545 650 614; baseline -0.002 -15"><span class='ocrx_word' id='word_1_25' title='bbox 52 545 127 599; x_wconf 91' lang='lat' dir='ltr'>Hinc</span> <span class='ocrx_word' id='word_1_26' title='bbox 140 547 221 614; x_wconf 82' lang='lat' dir='ltr'>longe</span> <span class='ocrx_word' id='word_1_27' title='bbox 234 552 375 608; x_wconf 79' lang='lat' dir='ltr'>emunctae,</span> <span class='ocrx_word' id='word_1_28' title='bbox 393 545 501 608; x_wconf 89' lang='lat' dir='ltr'>Cottile,</span> <span class='ocrx_word' id='word_1_29' title='bbox 517 545 588 599; x_wconf 87' lang='lat' dir='ltr'>naris</span> <span class='ocrx_word' id='word_1_30' title='bbox 600 546 650 599; x_wconf 88' lang='lat' dir='ltr'>abi.</span> 
     </span>
    </p>

    <p class='ocr_par' dir='ltr' id='par_1_4' title="bbox 20 642 725 802">
     <span class='ocr_line' id='line_1_6' title="bbox 20 642 725 705; baseline -0.003 -9"><span class='ocrx_word' id='word_1_31' title='bbox 20 643 87 705; x_wconf 81' lang='lat' dir='ltr'>Quae</span> <span class='ocrx_word' id='word_1_32' title='bbox 99 651 129 696; x_wconf 90' lang='lat' dir='ltr'>te</span> <span class='ocrx_word' id='word_1_33' title='bbox 141 643 209 697; x_wconf 85' lang='lat' dir='ltr'>adeo</span> <span class='ocrx_word' id='word_1_34' title='bbox 221 642 371 705; x_wconf 84' lang='lat' dir='ltr'>offendunt,</span> <span class='ocrx_word' id='word_1_35' title='bbox 389 642 540 695; x_wconf 88' lang='lat' dir='ltr'>Thamisini</span> <span class='ocrx_word' id='word_1_36' title='bbox 552 649 616 696; x_wconf 91' lang='lat' dir='ltr'>sunt</span> <span class='ocrx_word' id='word_1_37' title='bbox 629 660 661 697; x_wconf 88' lang='lat' dir='ltr'>ea</span> <span class='ocrx_word' id='word_1_38' title='bbox 673 643 725 695; x_wconf 87' lang='lat' dir='ltr'>vici</span> 
     </span>
     <span class='ocr_line' id='line_1_7' title="bbox 52 739 709 802; baseline -0.002 -9"><span class='ocrx_word' id='word_1_39' title='bbox 52 739 162 793; x_wconf 78' lang='lat' dir='ltr'>Divitia</span> <span class='ocrx_word' id='word_1_40' title='bbox 172 761 187 800; x_wconf 88' lang='lat'>;.</span> <span class='ocrx_word' id='word_1_41' title='bbox 200 747 227 793; x_wconf 87' lang='lat' dir='ltr'>et</span> <span class='ocrx_word' id='word_1_42' title='bbox 241 746 329 793; x_wconf 85' lang='lat' dir='ltr'>cessat</span> <span class='ocrx_word' id='word_1_43' title='bbox 341 739 458 802; x_wconf 84' lang='lat' dir='ltr'>lucrum,</span> <span class='ocrx_word' id='word_1_44' title='bbox 474 740 521 793; x_wconf 91' lang='lat' dir='ltr'>ubi</span> <span class='ocrx_word' id='word_1_45' title='bbox 533 747 620 794; x_wconf 89' lang='lat' dir='ltr'>cessat</span> <span class='ocrx_word' id='word_1_46' title='bbox 633 740 709 793; x_wconf 83' lang='lat' dir='ltr'>odor.</span> 
     </span>
    </p>
   </div>
   <div class='ocr_carea' id='block_1_3' title="bbox 234 1421 605 1477">
    <p class='ocr_par' dir='ltr' id='par_1_5' title="bbox 234 1421 605 1477">
     <span class='ocr_line' id='line_1_8' title="bbox 234 1421 605 1477; baseline 0 -2"><span class='ocrx_word' id='word_1_47' title='bbox 234 1421 369 1476; x_wconf 84' lang='lat' dir='ltr'>DECOR</span> <span class='ocrx_word' id='word_1_48' title='bbox 390 1422 605 1477; x_wconf 83' lang='lat' dir='ltr'><strong>INEMPTUS.</strong></span> 
     </span>
    </p>
   </div>
   <div class='ocr_carea' id='block_1_4' title="bbox 21 1698 818 3020">
    <p class='ocr_par' dir='ltr' id='par_1_6' title="bbox 21 1698 750 1863">
     <span class='ocr_line' id='line_1_9' title="bbox 21 1698 750 1769; baseline 0 -17"><span class='ocrx_word' id='word_1_49' title='bbox 21 1698 144 1752; x_wconf 72' lang='lat' dir='ltr'>samm</span> <span class='ocrx_word' id='word_1_50' title='bbox 157 1699 296 1754; x_wconf 88' lang='lat' dir='ltr'>munditiis</span> <span class='ocrx_word' id='word_1_51' title='bbox 309 1701 430 1769; x_wconf 85' lang='lat' dir='ltr'>simplex,</span> <span class='ocrx_word' id='word_1_52' title='bbox 446 1701 577 1769; x_wconf 90' lang='lat' dir='ltr'>cultuque</span> <span class='ocrx_word' id='word_1_53' title='bbox 590 1700 687 1769; x_wconf 87' lang='lat' dir='ltr'>pudica</span> <span class='ocrx_word' id='word_1_54' title='bbox 700 1707 750 1761; x_wconf 85' lang='lat' dir='ltr'>est,</span> 
     </span>
     <span class='ocr_line' id='line_1_10' title="bbox 61 1795 732 1863; baseline 0 -16"><span class='ocrx_word' id='word_1_55' title='bbox 61 1795 152 1856; x_wconf 85' lang='lat' dir='ltr'>Quam</span> <span class='ocrx_word' id='word_1_56' title='bbox 165 1795 308 1848; x_wconf 85' lang='lat' dir='ltr'>tremulam</span> <span class='ocrx_word' id='word_1_57' title='bbox 320 1812 337 1847; x_wconf 90' lang='lat' dir='ltr'>a</span> <span class='ocrx_word' id='word_1_58' title='bbox 348 1796 464 1849; x_wconf 88' lang='lat' dir='ltr'>tremula</span> <span class='ocrx_word' id='word_1_59' title='bbox 476 1795 605 1863; x_wconf 85' lang='lat' dir='ltr'>religione</span> <span class='ocrx_word' id='word_1_60' title='bbox 617 1802 732 1848; x_wconf 88' lang='lat' dir='ltr'>vocant:</span> 
     </span>
    </p>

    <p class='ocr_par' dir='ltr' id='par_1_7' title="bbox 24 1889 698 2056">
     <span class='ocr_line' id='line_1_11' title="bbox 24 1889 695 1959; baseline 0.003 -17"><span class='ocrx_word' id='word_1_61' title='bbox 24 1889 82 1953; x_wconf 79' lang='lat' dir='ltr'>lllc,</span> <span class='ocrx_word' id='word_1_62' title='bbox 97 1890 164 1943; x_wconf 90' lang='lat' dir='ltr'>nihil</span> <span class='ocrx_word' id='word_1_63' title='bbox 176 1891 254 1944; x_wconf 87' lang='lat' dir='ltr'>saecli</span> <span class='ocrx_word' id='word_1_64' title='bbox 265 1891 379 1959; x_wconf 85' lang='lat' dir='ltr'>sapiens,</span> <span class='ocrx_word' id='word_1_65' title='bbox 395 1908 446 1944; x_wconf 90' lang='lat' dir='ltr'>nec</span> <span class='ocrx_word' id='word_1_66' title='bbox 458 1891 557 1959; x_wconf 87' lang='lat' dir='ltr'>crispat</span> <span class='ocrx_word' id='word_1_67' title='bbox 568 1892 603 1945; x_wconf 91' lang='lat' dir='ltr'>ad</span> <span class='ocrx_word' id='word_1_68' title='bbox 615 1908 695 1944; x_wconf 87' lang='lat' dir='ltr'>aures</span> 
     </span>
     <span class='ocr_line' id='line_1_12' title="bbox 61 1985 698 2056; baseline 0 -17"><span class='ocrx_word' id='word_1_69' title='bbox 61 1985 180 2049; x_wconf 84' lang='lat' dir='ltr'>crinem,</span> <span class='ocrx_word' id='word_1_70' title='bbox 195 2003 246 2040; x_wconf 89' lang='lat' dir='ltr'>nec</span> <span class='ocrx_word' id='word_1_71' title='bbox 258 1987 358 2040; x_wconf 89' lang='lat' dir='ltr'>collum</span> <span class='ocrx_word' id='word_1_72' title='bbox 371 1987 456 2040; x_wconf 90' lang='lat' dir='ltr'>nudat</span> <span class='ocrx_word' id='word_1_73' title='bbox 468 1986 502 2040; x_wconf 87' lang='lat' dir='ltr'>ad</span> <span class='ocrx_word' id='word_1_74' title='bbox 514 2003 602 2056; x_wconf 87' lang='lat' dir='ltr'>usque</span> <span class='ocrx_word' id='word_1_75' title='bbox 614 1987 698 2040; x_wconf 89' lang='lat' dir='ltr'>sinus.</span> 
     </span>
    </p>

    <p class='ocr_par' dir='ltr' id='par_1_8' title="bbox 25 2083 702 2247">
     <span class='ocr_line' id='line_1_13' title="bbox 25 2083 702 2151; baseline -0.003 -14"><span class='ocrx_word' id='word_1_76' title='bbox 25 2083 117 2144; x_wconf 83' lang='lat' dir='ltr'>Quam</span> <span class='ocrx_word' id='word_1_77' title='bbox 129 2089 226 2136; x_wconf 87' lang='lat' dir='ltr'>natura</span> <span class='ocrx_word' id='word_1_78' title='bbox 237 2083 319 2146; x_wconf 85' lang='lat' dir='ltr'>dedit,</span> <span class='ocrx_word' id='word_1_79' title='bbox 333 2083 420 2138; x_wconf 81' lang='lat' dir='ltr'>forma</span> <span class='ocrx_word' id='word_1_80' title='bbox 431 2089 567 2145; x_wconf 87' lang='lat' dir='ltr'>contenta,</span> <span class='ocrx_word' id='word_1_81' title='bbox 583 2083 702 2151; x_wconf 87' lang='lat' dir='ltr'>satisque</span> 
     </span>
     <span class='ocr_line' id='line_1_14' title="bbox 61 2177 610 2247; baseline 0 -17"><span class='ocrx_word' id='word_1_82' title='bbox 61 2177 187 2240; x_wconf 86' lang='lat' dir='ltr'>Pulchra,</span> <span class='ocrx_word' id='word_1_83' title='bbox 202 2177 352 2247; x_wconf 88' lang='lat' dir='ltr'>adjumenti</span> <span class='ocrx_word' id='word_1_84' title='bbox 364 2179 402 2231; x_wconf 91' lang='lat' dir='ltr'>nil</span> <span class='ocrx_word' id='word_1_85' title='bbox 414 2178 523 2232; x_wconf 81' lang='lat' dir='ltr'>aliunde</span> <span class='ocrx_word' id='word_1_86' title='bbox 534 2178 610 2246; x_wconf 89' lang='lat' dir='ltr'>petit.</span> 
     </span>
    </p>

    <p class='ocr_par' dir='ltr' id='par_1_9' title="bbox 26 2272 707 2436">
     <span class='ocr_line' id='line_1_15' title="bbox 26 2272 707 2341; baseline 0 -15"><span class='ocrx_word' id='word_1_87' title='bbox 26 2273 100 2326; x_wconf 87' lang='lat' dir='ltr'>Tota</span> <span class='ocrx_word' id='word_1_88' title='bbox 111 2272 227 2341; x_wconf 88' lang='lat' dir='ltr'>placens,</span> <span class='ocrx_word' id='word_1_89' title='bbox 243 2279 270 2326; x_wconf 90' lang='lat' dir='ltr'>et</span> <span class='ocrx_word' id='word_1_90' title='bbox 283 2279 340 2327; x_wconf 85' lang='lat' dir='ltr'>tota</span> <span class='ocrx_word' id='word_1_91' title='bbox 352 2273 460 2334; x_wconf 90' lang='lat' dir='ltr'>decens,</span> <span class='ocrx_word' id='word_1_92' title='bbox 476 2281 503 2326; x_wconf 86' lang='lat' dir='ltr'>et</span> <span class='ocrx_word' id='word_1_93' title='bbox 516 2280 573 2327; x_wconf 92' lang='lat' dir='ltr'>tota</span> <span class='ocrx_word' id='word_1_94' title='bbox 585 2280 707 2334; x_wconf 88' lang='lat' dir='ltr'>venusta,</span> 
     </span>
     <span class='ocr_line' id='line_1_16' title="bbox 64 2368 664 2436; baseline 0 -16"><span class='ocrx_word' id='word_1_95' title='bbox 64 2368 157 2436; x_wconf 84' lang='lat' dir='ltr'>Auget</span> <span class='ocrx_word' id='word_1_96' title='bbox 170 2383 236 2435; x_wconf 88' lang='lat' dir='ltr'>quas</span> <span class='ocrx_word' id='word_1_97' title='bbox 248 2368 326 2430; x_wconf 88' lang='lat' dir='ltr'>celat,</span> <span class='ocrx_word' id='word_1_98' title='bbox 342 2384 463 2436; x_wconf 90' lang='lat' dir='ltr'>quasque</span> <span class='ocrx_word' id='word_1_99' title='bbox 475 2368 577 2421; x_wconf 89' lang='lat' dir='ltr'>revelat</span> <span class='ocrx_word' id='word_1_100' title='bbox 589 2385 664 2436; x_wconf 87' lang='lat' dir='ltr'>opes.</span> 
     </span>
    </p>

    <p class='ocr_par' dir='ltr' id='par_1_10' title="bbox 26 2463 815 2628">
     <span class='ocr_line' id='line_1_17' title="bbox 26 2463 815 2532; baseline -0.003 -16"><span class='ocrx_word' id='word_1_101' title='bbox 26 2463 102 2517; x_wconf 84' lang='lat' dir='ltr'>Huic</span> <span class='ocrx_word' id='word_1_102' title='bbox 113 2463 228 2517; x_wconf 84' lang='lat' dir='ltr'>formam</span> <span class='ocrx_word' id='word_1_103' title='bbox 240 2464 366 2525; x_wconf 84' lang='lat' dir='ltr'>invideat,</span> <span class='ocrx_word' id='word_1_104' title='bbox 382 2480 441 2532; x_wconf 81' lang='lat' dir='ltr'>quae</span> <span class='ocrx_word' id='word_1_105' title='bbox 452 2463 566 2516; x_wconf 81' lang='lat' dir='ltr'>formam</span> <span class='ocrx_word' id='word_1_106' title='bbox 579 2463 692 2517; x_wconf 81' lang='lat' dir='ltr'>accersit</span> <span class='ocrx_word' id='word_1_107' title='bbox 704 2464 737 2515; x_wconf 89' lang='lat' dir='ltr'>ab</span> <span class='ocrx_word' id='word_1_108' title='bbox 749 2469 815 2523; x_wconf 89' lang='lat' dir='ltr'>arte,</span> 
     </span>
     <span class='ocr_line' id='line_1_18' title="bbox 63 2558 578 2628; baseline -0.002 -16"><span class='ocrx_word' id='word_1_109' title='bbox 63 2558 101 2612; x_wconf 87' lang='lat' dir='ltr'>Et</span> <span class='ocrx_word' id='word_1_110' title='bbox 113 2575 174 2628; x_wconf 84' lang='lat' dir='ltr'>pars</span> <span class='ocrx_word' id='word_1_111' title='bbox 187 2559 284 2628; x_wconf 83' lang='lat' dir='ltr'>exigua</span> <span class='ocrx_word' id='word_1_112' title='bbox 296 2567 337 2613; x_wconf 88' lang='lat' dir='ltr'>est</span> <span class='ocrx_word' id='word_1_113' title='bbox 349 2560 406 2627; x_wconf 86' lang='lat' dir='ltr'>ipsa</span> <span class='ocrx_word' id='word_1_114' title='bbox 417 2560 507 2628; x_wconf 84' lang='lat' dir='ltr'>puella</span> <span class='ocrx_word' id='word_1_115' title='bbox 518 2560 578 2613; x_wconf 88' lang='lat' dir='ltr'>sui:</span> 
     </span>
    </p>

    <p class='ocr_par' dir='ltr' id='par_1_11' title="bbox 29 2655 647 2819">
     <span class='ocr_line' id='line_1_19' title="bbox 29 2655 647 2723; baseline -0.005 -14"><span class='ocrx_word' id='word_1_116' title='bbox 29 2655 107 2717; x_wconf 75' lang='lat' dir='ltr'>Qua,</span> <span class='ocrx_word' id='word_1_117' title='bbox 122 2655 192 2708; x_wconf 89' lang='lat' dir='ltr'>male</span> <span class='ocrx_word' id='word_1_118' title='bbox 204 2655 352 2723; x_wconf 83' lang='lat' dir='ltr'>dedignans</span> <span class='ocrx_word' id='word_1_119' title='bbox 364 2655 460 2708; x_wconf 87' lang='lat' dir='ltr'>nativis</span> <span class='ocrx_word' id='word_1_120' title='bbox 473 2655 582 2709; x_wconf 89' lang='lat' dir='ltr'>dotibus</span> <span class='ocrx_word' id='word_1_121' title='bbox 599 2656 647 2715; x_wconf 93' lang='lat' dir='ltr'>uti,</span> 
     </span>
     <span class='ocr_line' id='line_1_20' title="bbox 65 2750 624 2819; baseline -0.004 -14"><span class='ocrx_word' id='word_1_122' title='bbox 65 2750 209 2813; x_wconf 85' lang='lat' dir='ltr'>Ornatum,</span> <span class='ocrx_word' id='word_1_123' title='bbox 225 2768 285 2805; x_wconf 87' lang='lat' dir='ltr'>sese</span> <span class='ocrx_word' id='word_1_124' title='bbox 297 2767 351 2819; x_wconf 92' lang='lat' dir='ltr'>quo</span> <span class='ocrx_word' id='word_1_125' title='bbox 364 2751 534 2813; x_wconf 87' lang='lat' dir='ltr'>dehonestet,</span> <span class='ocrx_word' id='word_1_126' title='bbox 550 2751 624 2804; x_wconf 88' lang='lat' dir='ltr'>emit.</span> 
     </span>
    </p>

    <p class='ocr_par' dir='ltr' id='par_1_12' title="bbox 26 2846 818 3020">
     <span class='ocr_line' id='line_1_21' title="bbox 26 2846 782 2922; baseline 0.005 -22"><span class='ocrx_word' id='word_1_127' title='bbox 26 2847 65 2900; x_wconf 84' lang='lat' dir='ltr'>Et</span> <span class='ocrx_word' id='word_1_128' title='bbox 75 2847 158 2899; x_wconf 83' lang='lat' dir='ltr'>simul</span> <span class='ocrx_word' id='word_1_129' title='bbox 167 2855 303 2915; x_wconf 82' lang='lat' dir='ltr'>agnoscat,</span> <span class='ocrx_word' id='word_1_130' title='bbox 320 2865 439 2906; x_wconf 86' lang='lat' dir='ltr'>veneres</span> <span class='ocrx_word' id='word_1_131' title='bbox 451 2850 567 2922; x_wconf 81' lang='lat' dir='ltr'>quanda</span> <span class='ocrx_word' id='word_1_132' title='bbox 576 2846 782 2904; x_wconf 59' lang='lat' dir='ltr'>innuamus,</span> 
     </span>
     <span class='ocr_line' id='line_1_22' title="bbox 53 2938 818 3020; baseline -0.003 -30"><span class='ocrx_word' id='word_1_133' title='bbox 53 2938 249 3011; x_wconf 77' lang='lat' dir='ltr'>Quodcunque</span> <span class='ocrx_word' id='word_1_134' title='bbox 262 2952 305 3000; x_wconf 89' lang='lat' dir='ltr'>est</span> <span class='ocrx_word' id='word_1_135' title='bbox 319 2947 456 3020; x_wconf 84' lang='lat' dir='ltr'>simplex,</span> <span class='ocrx_word' id='word_1_136' title='bbox 471 2951 550 3007; x_wconf 87' lang='lat' dir='ltr'>illud</span> <span class='ocrx_word' id='word_1_137' title='bbox 564 2956 599 3005; x_wconf 83' lang='lat' dir='ltr'>et</span> <span class='ocrx_word' id='word_1_138' title='bbox 610 2962 681 3005; x_wconf 77' lang='lat' dir='ltr'>esse</span> <span class='ocrx_word' id='word_1_139' title='bbox 691 2944 818 2998; x_wconf 73' lang='lat' dir='ltr'>decena.</span> 
     </span>
    </p>
   </div>
   <div class='ocr_carea' id='block_1_5' title="bbox 0 0 926 3216">
    <p class='ocr_par' dir='ltr' id='par_1_13' title="bbox 0 0 926 3216">
     <span class='ocr_line' id='line_1_23' title="bbox 0 0 926 3216; baseline 0 0"><span class='ocrx_word' id='word_1_140' title='bbox 0 0 926 3216; x_wconf 95' lang='lat' dir='ltr'> </span> 
     </span>
    </p>
   </div>
  </div>
 </body>
</html>
