1830 3216
101 105 148 151 156
367 117 402 150 an
424 116 640 151 unuusumrrou.

100 254 220 306 Cernere
230 253 383 320 depositum
396 261 436 306 est
445 255 587 321 utriusque
601 255 628 305 in
643 254 761 322 pignora
774 266 876 309 numm.

99 351 226 402 Vincenti
238 351 355 417 pretium
368 351 478 418 palmae:
499 351 616 403 duadem
630 351 710 412 alter,
727 358 756 404 et
768 352 831 403 alter

100 446 218 497 Fatalem
233 445 353 498 ostendit
365 445 488 506 triadem,
503 446 677 515 palmamque
690 447 813 514 requirit.

100 540 149 593 llle
162 541 317 605 indignatur
331 540 410 602 vinci,
426 557 574 609 morsuque
585 540 685 594 labella

100 636 303 703 Compressans,
319 636 466 704 horretque
479 637 571 698 comis,
587 653 748 706 menseque
760 637 865 690 ferocem

101 734 228 800 impingit
240 749 372 801 pugnum,
388 733 519 785 damnans
531 734 694 800 chartasque
708 736 837 803 deosque.

100 830 243 896 improbus
256 830 360 882 interea
373 829 459 881 victor
472 829 593 882 subridet
608 829 745 896 ineptum,

99 926 135 978 Et
150 927 278 979 miserum
291 926 379 979 illudit
392 926 503 988 victum,
518 926 673 994 fruiturque
686 927 833 994 triumpho.

101 1023 214 1075 innixus
228 1023 330 1085 cubito,
342 1023 423 1091 juxta
435 1030 517 1090 caput
529 1023 680 1089 interponit

101 1119 179 1171 Naris
192 1120 276 1171 homo
289 1125 434 1180 emunctae,
450 1121 520 1173 bene
532 1119 579 1188 qui
591 1125 677 1172 totam
691 1120 803 1173 subolet
813 1134 869 1178 rem,

101 1214 227 1266 Fortuna
240 1215 373 1283 calletque
387 1215 467 1276 vices,
483 1215 617 1283 vultuque
628 1215 739 1283 loquaci

101 1309 145 1363 Sic
158 1310 263 1363 tristem
275 1311 400 1363 hortatur
409 1310 531 1364 socium:
556 1311 682 1372 Quando,
699 1311 798 1379 inquit,
812 1309 887 1367 amitt,

101 1407 168 1458 Sese
181 1407 217 1458 ita
230 1424 273 1459 res
285 1407 391 1467 habeat,
405 1407 506 1460 frustra
519 1408 664 1460 emendare
677 1408 818 1477 querendo

102 1503 250 1556 Fortunam
263 1520 362 1571 speras,
377 1504 540 1572 inimicaque
552 1504 607 1556 iata
618 1505 747 1558 lacessis:

101 1601 144 1652 lra
157 1606 238 1653 nocet
250 1601 381 1667 nimiique
394 1600 484 1662 animi,
500 1617 618 1668 namque
630 1600 720 1653 acrius
733 1617 811 1669 oequo

103 1697 251 1748 Adversum
265 1696 403 1749 fortunam
416 1713 506 1764 urges,
522 1697 660 1765 nimioque
672 1696 769 1751 surore

102 1791 182 1858 Spem
196 1793 273 1859 luges
287 1793 446 1859 deceptam:
466 1799 494 1844 at
504 1799 543 1853 tu,
560 1808 604 1845 me
612 1792 717 1861 judice,
733 1795 814 1848 rebus

103 1889 161 1940 Nec
175 1889 264 1941 dubiis
280 1889 369 1941 diffide
383 1889 470 1950 nimis,
481 1905 532 1941 nee
546 1890 626 1942 crede
639 1891 777 1945 secundis.

357 2409 535 2465 llOBSONI
557 2413 645 2466 LEX.

104 2634 272 2688 Communes
287 2638 343 2703 (ita,
359 2639 470 2701 Granta,
486 2641 582 2709 refers)
599 2642 750 2699 Hobsonus
762 2647 840 2699 aleon

140 2730 170 2781 In
184 2732 290 2783 stabulo
303 2733 394 2800 longo,
410 2752 479 2803 quos
492 2738 622 2798 locitaret,
639 2757 741 2807 equos:

96 2825 158 2879 Hac
170 2827 240 2897 lege,
259 2837 289 2884 ut
302 2830 410 2885 foribus
423 2840 508 2885 staret
520 2834 569 2900 qui
577 2835 729 2898 prosimus„
738 2837 785 2887 ille

120 2923 292 2996 Susciperet
307 2930 427 3000 primas
442 2929 523 2981 solus
536 2935 565 2980 et
575 2925 634 2983 ule,
646 2925 734 2974 uices·
