1830 3216
190 142 275 181 sosue
295 143 474 180 rnoraoarun
494 144 545 179 rau
565 145 668 181 aranu.
778 132 827 183 261

62 290 127 356 igus
141 287 263 348 humum,
280 289 425 355 rapidoque
438 289 544 340 ruentia
555 289 665 341 flumina
678 305 759 342 cursu

72 383 189 436 solidam
203 384 283 435 vertit
296 383 416 450 glaciem,
432 391 459 436 et
473 385 605 448 (mirabile
618 385 692 437 dictu
702 383 723 451 i)

62 479 111 532 iris
125 479 151 530 in
166 494 294 544 magnum
307 479 381 530 saevit
394 495 482 538 mare;
505 479 585 531 molle
596 479 729 531 fluentum

75 574 187 627 cohibet
200 575 285 625 multa
297 589 344 640 per
356 589 452 640 parvos
464 574 560 625 bruma
573 580 677 625 meatus

62 672 133 731 idita,
149 688 199 723 nec
212 671 337 739 Zephyro
350 670 450 737 impelli
463 671 513 722 scit
526 670 631 722 mobilis
644 670 750 722 humor.

67 767 143 819 Hinc
155 782 210 818 non
224 773 265 818 est
278 766 402 818 tremulae
416 765 476 817 voci
489 766 531 818 via
542 766 632 826 libera,
647 773 675 818 at
687 767 743 832 ipsa

62 863 122 914 arba
134 861 197 928 gelu
210 860 320 920 lraenat3
342 861 388 913 nix
400 861 455 912 acri
467 861 574 912 astricta
587 860 684 927 pruina

62 974 109 1009 rna
121 957 220 1009 cadens
234 955 338 1023 premit,
354 963 382 1008 et
394 956 495 1008 circum
509 957 630 1024 undique
642 956 703 1008 fusa
715 953 831 1009 coercet.

62 1070 161 1120 amque
174 1053 221 1105 ubi
232 1070 280 1121 per
292 1053 404 1120 patulas,
419 1053 489 1105 sacili
498 1053 554 1121 jam
567 1053 682 1114 tramite,
696 1052 789 1106 fauces

62 1150 112 1203 asit
124 1150 176 1201 iter
187 1149 319 1217 liquidum
333 1165 426 1209 sonus,
442 1148 495 1200 oris
508 1149 632 1216 protinus
644 1148 727 1201 haeret

62 1247 207 1300 estibulum
220 1253 283 1299 ante
292 1247 390 1313 ipsum,
401 1253 428 1298 et
441 1246 576 1298 labrorum
586 1245 613 1297 in
624 1245 717 1298 limine
729 1246 816 1313 primo

62 1343 128 1402 stit;
149 1359 199 1395 nec
213 1343 329 1409 reperire
342 1343 420 1402 viam,
436 1349 517 1410 atque
533 1305 666 1409 aitingere
678 1349 763 1394 metas

62 1446 150 1506 piatas
163 1438 233 1506 potis
246 1448 295 1499 est,
311 1439 403 1506 etjam
415 1438 560 1491 frustratur
576 1439 690 1491 hiantes.

63 1551 132 1602 sque
144 1535 212 1587 adeo
225 1534 338 1600 inceptis
351 1534 521 1586 sermonibus
533 1533 624 1586 invida
636 1533 653 1586 J
656 1550 710 1586 uuo

63 1632 153 1690 bstat;
173 1646 286 1698 quaeque
298 1630 397 1698 loquax
410 1629 497 1690 nimis,
513 1629 611 1680 athera
622 1629 718 1696 saepius
730 1628 824 1696 implet

62 1745 119 1789 oce,
134 1735 231 1794 potens
245 1729 332 1794 ipsum
345 1727 437 1795 lingua
449 1742 576 1793 superare
588 1732 736 1788 tonantem,

65 1839 97 1875 cc
110 1823 205 1874 missas
217 1823 310 1875 audire
323 1823 386 1874 sinit
399 1838 450 1873 uec
463 1821 577 1874 reddere
589 1837 679 1874 voces.

74 1920 138 1972 Non
152 1926 241 1970 tamen
255 1918 295 1970 hae
307 1918 405 1985 rapidis
418 1919 531 1970 volitant
544 1918 658 1970 ludibria
670 1919 758 1971 ventis

65 2015 174 2081 ispersae
186 2020 289 2066 temere
302 2014 328 2065 in
343 2013 415 2074 calc,
431 2030 521 2081 neque
532 2013 629 2081 frigida
640 2013 739 2066 formas

65 2117 200 2177 empestas
213 2111 307 2163 miscet
320 2117 435 2172 teneras,
450 2112 595 2163 turbantve
607 2111 745 2177 procellae:

62 2214 144 2260 *ensal
156 2207 250 2268 hiems,
266 2208 408 2275 solidoque
420 2223 502 2274 super
515 2206 656 2259 duramine
669 2208 762 2260 vincit.
781 2224 782 2228 ¹

74 2303 149 2370 Ergo
163 2320 230 2355 vane
243 2302 335 2355 ierunt
344 2319 443 2355 vocum
456 2303 599 2355 simulacra
611 2304 701 2370 vagari

62 2401 120 2453 ,liris
133 2400 160 2452 in
174 2400 274 2466 campis
287 2399 354 2460 latis,
370 2399 553 2467 defunctaque
565 2400 621 2451 vita

62 2496 200 2554 [urmura;
221 2495 306 2547 multa
318 2495 390 2547 cavis
403 2494 496 2562 quaerit
513 2511 543 2547 se
555 2494 673 2546 condere
685 2494 767 2546 sacris

62 2592 143 2644 'mbra
155 2591 325 2658 querelarum
337 2611 343 2650 ;
364 2596 428 2642 sunt
441 2596 469 2642 et
481 2606 530 2641 sua
542 2605 611 2656 saepe
623 2588 760 2641 cachinnis

62 2694 160 2755 pectra,
175 2703 295 2755 suosque
307 2686 362 2753 pati
373 2685 444 2738 lama
456 2692 496 2738 est
509 2685 623 2752 suspiria
634 2701 735 2737 manes.

62 2781 184 2849 {ultaque
197 2787 324 2848 praterea
337 2780 471 2832 variorum
484 2786 605 2832 monstra
617 2796 747 2844 sonorum

62 2879 208 2935 iscurruut,
224 2885 374 2946 errantque
386 2896 460 2934 cavae
472 2879 527 2934 suh
538 2878 665 2948 imagine
673 2877 794 2932 larinas

62 2983 121 3018 mec
136 2984 199 3022 rere
211 2987 289 3026 novo
303 2982 399 3032 tereas
414 2977 471 3035 Sol
480 2979 602 3034 luuiine
614 2975 744 3034 mulcet,
