1830 3216
208 387 261 439 AD
281 385 466 440 DAVIDEM
487 387 604 449 COOK,

62 561 260 597 *mummii
279 561 419 595 cuswnssu
439 559 605 593 Nocwmwu
624 557 656 592 m
669 557 793 592 vlumu-

246 673 387 717 msmuu,
405 674 479 707 euno
498 659 567 708 1716.

62 845 145 881 mum
155 829 202 897 qui
215 845 284 897 saepe
297 829 362 882 mihi
375 830 422 882 das
434 844 542 890 carmen
554 827 661 888 amoris,
680 843 681 847 ¹

62 926 143 979 heddo
155 927 204 979 tibi
216 927 343 980 indicium
357 943 465 979 carmen
477 925 575 978 amoris
588 941 647 993 ego.

62 1022 197 1076 efaustum
211 1031 238 1077 et
250 1023 315 1077 felix
327 1024 444 1076 multum
457 1022 522 1075 mihi
533 1039 612 1074 mane
628 1020 761 1089 precaris;

62 1121 115 1173 vico
127 1128 209 1190 atque
221 1121 357 1189 ingemino
370 1137 443 1174 nunc
455 1120 504 1173 tibi
515 1135 617 1180 rursus,
631 1135 690 1171 ave.

63 1235 155 1286 neque
168 1219 320 1272 dinumerat
331 1218 417 1287 gallus
430 1217 598 1271 constantius
610 1215 697 1278 horas,

62 1318 106 1369 {ec
119 1316 237 1384 magieis
251 1323 325 1369 certo
338 1323 466 1384 provocat
479 1332 526 1369 ore
539 1315 619 1368 diem.

62 1432 81 1466 n
95 1414 174 1466 variis
186 1413 298 1481 implent
311 1414 428 1467 tenebrae
437 1413 584 1466 terroribus
597 1412 698 1474 orbem,

62 1512 92 1564 .'u
106 1510 205 1563 comite
216 1517 356 1563 assuetum
369 1526 432 1562 cum
445 1526 511 1563 eene
524 1509 609 1577 carpis
621 1508 681 1562 iter.

62 1624 71 1660 3
83 1614 120 1669 te,
135 1623 203 1675 quos
215 1623 280 1659 serae
293 1606 422 1659 emittunt
431 1612 492 1674 post
505 1605 567 1658 vina
578 1605 693 1672 popinae,

62 1704 106 1757 {ec
119 1712 155 1764 te,
170 1720 239 1772 quos
251 1703 369 1757 lemures
384 1702 498 1771 plurima
510 1702 577 1755 vidit
588 1718 673 1760 anus;

62 1817 71 1853 z
83 1808 112 1853 te
124 1807 283 1868 perterrent,
300 1801 404 1852 nodoso
417 1799 507 1868 stipite
519 1798 627 1859 fretum,

62 1896 167 1950 'mbdola
179 1897 225 1965 qui
237 1896 319 1950 tacito
331 1903 442 1964 pectore
454 1895 526 1948 furta
538 1901 641 1963 parant.
686 1935 690 1939 ,

62 1993 66 2044 ἱ
79 1992 102 2045 si
119 1992 163 2046 cui
175 2009 309 2056 occurras,
322 1993 408 2061 prima
420 1992 467 2060 qui
478 1998 567 2060 portat
578 1992 612 2045 ad
624 1992 719 2046 urbem

62 2090 104 2142 ¹»ub
116 2088 186 2150 luce,
202 2090 316 2157 exiguus
328 2105 394 2157 quas
407 2089 481 2142 dedit
492 2087 588 2142 hortus
600 2104 673 2156 opes,

62 2203 94 2240 nc
108 2186 217 2255 placidis
231 2186 318 2248 dictis,
333 2194 361 2239 et
374 2203 441 2239 voce
453 2185 540 2239 affaris
552 2186 653 2247 amium

62 2282 141 2351 thue
155 2281 212 2334 dies
224 2280 312 2334 fausta
323 2280 394 2344 luce,
408 2282 532 2349 precaris,
548 2288 599 2335 eat.

62 2379 127 2431 mitu
139 2378 287 2430 adventum
300 2377 417 2445 signans,
430 2378 551 2431 oriantur
562 2394 596 2430 an
609 2383 687 2438 astra,

62 2474 156 2535 Uerres,
171 2489 205 2525 an
218 2489 285 2541 pure
297 2472 386 2525 lucida
397 2472 462 2525 luna
475 2470 565 2523 micet.

62 2587 142 2639 mque
154 2570 230 2638 quies
243 2586 293 2623 nos
302 2569 356 2622 alta
367 2576 467 2629 manet,
482 2584 533 2620 nec
545 2566 650 2635 frigoris
664 2565 735 2619 ullus

62 2672 173 2732 {ecuroe
188 2670 284 2739 pluviae
296 2687 348 2724 nec
359 2677 448 2723 metus
461 2669 533 2722 ullus
545 2668 643 2725 habeta

66 2767 172 2834 gelidos
181 2768 253 2818 inter
266 2773 361 2820 ventos
375 2767 490 2822 versaris
503 2774 534 2822 et
545 2767 662 2830 imbres,
728 2777 732 2787 “

62 2875 103 2909 um
116 2859 355 2928 temtempestas,
373 2872 400 2919 et
415 2867 501 2939 nigra
515 2870 601 2926 saev'lt
611 2868 722 2924 hieme.

730 2979 755 3017 §1
855 3003 864 3019 x
