1830 3216
110 598 222 653 MOLA
242 592 493 650 JUVENTUTIS
514 590 836 648 RESTAURATRIK

74 810 186 875 Mansa,
201 813 281 867 effoeti
292 822 432 868 revocaret
445 821 476 867 ut
488 812 599 866 AEsonis
608 828 706 875 annos,

107 908 249 962 Diversarn
262 911 406 964 herbarum
419 908 493 962 mille
504 909 628 978 poposcit
641 923 722 976 opem
735 929 743 969 ;

73 1003 253 1073 carminaque
265 1012 293 1072 et
305 1006 422 1074 magicas
433 1011 514 1067 artes,
528 1021 682 1074 succosque
695 1010 828 1072 potentes.

110 1102 222 1161 Quosve
235 1117 404 1155 venenorum
418 1101 549 1155 Thessala
560 1108 633 1154 terra
645 1116 761 1167 parens:

75 1197 152 1258 Quos
167 1197 279 1260 Pindus,
292 1214 364 1267 quos
378 1196 449 1251 Ossa
460 1197 532 1260 tulit,
547 1212 616 1265 quos
630 1196 729 1250 Pelion
742 1195 820 1256 altus,

111 1294 255 1362 Quotquot
267 1301 296 1347 et
310 1294 427 1362 Apidani
439 1295 560 1362 gramim
571 1294 629 1362 ripa
640 1293 733 1354 dedit3

75 1390 212 1458 Quodque
224 1391 323 1458 triceps
337 1390 442 1445 Hecate
454 1391 554 1453 auxilii,
569 1390 643 1459 quod
656 1386 866 1446 numinanoct'n

112 1485 193 1546 Quod
206 1502 350 1540 nemorum
362 1493 487 1555 poterant
499 1486 591 1554 diique
603 1486 720 1554 deaque
733 1485 805 1539 dare.

75 1579 125 1632 His
138 1580 219 1634 simul
230 1580 352 1644 incoctis,
367 1582 556 1650 precibusque,
572 1587 600 1633 et
612 1581 734 1634 carmine
746 1581 833 1633 multo

111 1677 198 1744 Sopiti
205 1677 334 1746 jugulum
346 1678 453 1732 discidit
466 1694 530 1732 ense
542 1677 624 1732 senis.

75 1774 190 1842 Sanguis
203 1775 249 1828 ubi
262 1775 372 1837 exierat,
384 1775 465 1829 validi
478 1775 657 1832 medicamine
669 1775 747 1828 succi

111 1871 237 1938 Replevit
249 1872 337 1925 soceri
348 1879 462 1941 guttura
474 1887 545 1925 caese
556 1888 652 1925 nurus.

76 1967 204 2030 Canities,
219 1969 373 2037 maciesque
385 1969 457 2032 obiit,
472 1969 620 2038 pallorque,
635 1968 770 2037 situsque,

112 2064 250 2134 Plenaque
262 2065 400 2120 luxuriant
412 2067 534 2119 membra
546 2065 639 2134 vigore
651 2081 734 2117 novo.

77 2162 184 2215 Scilicet
196 2162 249 2214 hoc
262 2161 349 2214 visum
364 2168 405 2214 est
417 2161 484 2213 mire
497 2159 607 2213 finxisse
619 2162 722 2228 poetae:

113 2257 155 2310 Te
166 2273 251 2324 penes
264 2263 305 2310 est
317 2257 430 2325 dignuin
443 2256 533 2309 dicere
545 2271 633 2308 necne
646 2255 706 2307 ilde.

78 2352 217 2413 Quidlibet
229 2352 347 2405 audendi
359 2351 456 2419 pictori
468 2358 509 2404 est
522 2367 598 2419 aequa
608 2357 739 2418 potestas,

112 2449 149 2501 Et
162 2449 242 2502 multi
253 2448 355 2517 ingenii
366 2447 475 2500 tradidit
487 2447 533 2500 ille
542 2446 650 2499 molam.

78 2545 183 2598 Clarius
195 2544 345 2604 inventurn,
361 2543 488 2611 quoniam
500 2543 562 2612 plus
575 2541 685 2596 exhibet
697 2544 771 2605 artis,

112 2639 210 2706 (Quod
223 2655 287 2692 mox
298 2641 441 2707 agnosces)
454 2637 623 2706 prodigiiqne
635 2637 735 2691 minus.

65 2738 187 2794 Ponitur
205 2739 236 2794 in
251 2737 356 2809 campis
370 2735 500 2805 (italusit
509 2733 737 2798 smalinepicaorq

88 2836 247 2906 Machina,
263 2841 309 2896 bis
323 2853 425 2898 senos,
438 2835 490 2888 ria
501 2830 610 2884 nirnus,
621 2824 680 2874 alta
687 2823 788 2885 iffi·
