1830 3216
274 393 443 452 HYMNUS
464 397 623 455 PRIMUS.

441 603 460 639 1.

99 677 167 732 Curi
181 677 376 735 misericordias
389 681 525 751 recolligo,
541 689 589 736 tua

98 774 220 828 Paterna
231 792 309 845 quas,
322 776 434 840 Jchova,
450 794 515 831 curt
526 779 650 841 contulit,

98 869 240 938 Suspenso
250 872 404 942 cogitando,
416 889 493 927 mens
503 873 587 928 haeret
598 892 667 938 mea,

99 967 224 1022 Amorne
236 969 321 1039 major
332 969 388 1032 flet.
403 987 437 1023 an
450 971 599 1026 admiratio.

432 1082 463 1117 ιι.

98 1159 170 1221 Quae
181 1163 270 1224 verbs,
286 1178 345 1232 quae
357 1162 463 1231 pietatis
476 1163 631 1232 eloquentia

96 1255 207 1310 Ardone
218 1258 315 1312 eodem
328 1258 428 1326 gratias
440 1257 572 1321 effabitur,

98 1351 164 1414 Quo
176 1360 273 1422 pectus
285 1354 360 1408 intus
372 1352 505 1422 concipitl
525 1355 575 1408 sed
586 1354 725 1423 gaudium,

95 1448 181 1511 Quod
192 1450 280 1505 fervet
292 1451 375 1515 intus,
390 1458 422 1505 tu
433 1451 510 1521 legis,
525 1458 556 1505 tu
569 1451 706 1520 intelligis.

418 1563 460 1601 111.

92 1642 157 1696 Tua
168 1659 242 1706 curs,
256 1658 377 1711 presens
389 1659 503 1712 semper,
519 1650 546 1696 st
558 1659 665 1712 semper
678 1642 748 1712 vigil,

92 1738 143 1792 Me
154 1738 296 1792 conditum
308 1738 380 1792 uteri
393 1738 460 1792 vidit
468 1737 496 1790 iu
509 1737 626 1796 silentio.

91 1833 253 1903 Eademque
265 1850 330 1887 cura
341 1850 386 1888 me
398 1840 493 1887 secuta
505 1841 547 1887 est
558 1833 679 1903 provida,

92 1931 165 1986 Cum
175 1931 268 1985 matris
279 1931 314 1985 ad
326 1946 470 1985 mammam
481 1931 598 1999 pependi
610 1929 768 1986 infantulus.

36 2082 39 2087 ,
419 2043 457 2080 ιι.

91 2123 171 2186 Quos
181 2123 267 2178 edidit
278 2131 392 2194 questus
404 2141 471 2177 meae
482 2123 650 2178 imbecillitas

90 2219 221 2284 Infantis,
236 2227 285 2275 tua
295 2221 368 2275 euris
380 2220 484 2289 accepit
495 2220 586 2274 statim
597 2241 604 2281 3

90 2318 162 2372 Cum
175 2334 253 2373 mens
265 2317 373 2381 tenella,
388 2318 506 2387 cogitare
520 2334 571 2371 uec
583 2317 662 2386 potis,

89 2414 226 2484 Colligere
238 2414 361 2467 nondum
374 2420 487 2467 noverat
499 2429 560 2466 sese
572 2412 600 2466 in
613 2429 715 2482 preces.

429 2527 455 2563 v·
549 2537 551 2541 ,

90 2607 161 2671 Quae
174 2606 267 2662 nullus
279 2615 366 2676 aequat
378 2607 675 2676 computus,solam1ns

88 2706 151 2761 Tua
162 2705 358 2760 administravit
370 2705 436 2759 mihi
448 2704 635 2773 indulgentias

87 2803 257 2858 lnfantulum
267 2820 313 2856 cor
326 2810 470 2873 antequam
484 2802 636 2863 resciverat,
697 2830 698 2834 ι

87 2903 111 2956 Δ
125 2901 202 2955 tonte
215 2917 271 2970 quo
281 2901 463 2970 profluxerint
476 2909 520 2960 tot
532 2918 664 2959 munera.

719 3002 769 3056 c‘o
