1830 3216
273 447 504 505 LACHRYMAE
528 449 726 505 PICTORIS.

99 622 246 681 lurnnrsu
259 631 363 682 audivit
375 647 499 698 puerum,
515 649 564 684 sua
576 630 681 699 gaudia,
702 631 816 698 Apelles

134 722 328 789 intempestivo
340 724 396 776 fato
410 725 508 778 obiisse
521 726 600 778 diern.

97 817 153 876 Ille,
170 818 232 871 licet
245 819 314 871 tristi
327 817 468 887 perculsus
480 821 596 888 imagine
609 819 713 881 mortis,

133 913 251 965 Proferri
263 915 289 966 in
304 915 423 967 medium
432 932 532 982 corpus
545 914 624 967 inane
633 915 724 981 jubet.

96 1007 132 1059 Et
146 1009 286 1070 calamum,
302 1016 330 1062 et
342 1026 438 1062 succos
452 1027 574 1077 poscens,
592 1009 677 1062 “Hos
691 1011 786 1079 accipe
798 1011 884 1071 luctus,

133 1104 275 1158 Moerorem
289 1106 388 1167 hunc‚’'
402 1107 476 1168 dixit,
495 1114 513 1135 ‘⁸
523 1114 586 1159 nate
598 1107 718 1173 parentis
730 1107 827 1161 habe.”

95 1201 188 1259 Dixin
210 1210 245 1262 et,
261 1210 292 1254 ut
305 1203 409 1263 clausit,
425 1203 531 1255 clausos
544 1203 666 1270 depinxit
679 1204 783 1258 ocellos
791 1227 799 1266 ;

132 1297 227 1349 Officio
237 1298 335 1365 pariter
347 1298 418 1350 fidus
432 1299 540 1366 utrique
553 1307 643 1365 pater:

95 1391 286 1459 Frontemque,
302 1399 330 1445 et
343 1393 438 1455 crines,
454 1411 505 1447 nec
517 1395 606 1446 adhuc
620 1394 749 1461 pallentia
760 1396 868 1450 formant

131 1488 239 1549 Oscula,
254 1488 424 1541 adumbravit
435 1488 551 1556 lugubre
562 1489 650 1556 pictor
663 1506 742 1557 opus.

94 1680 188 1748 Perge,
204 1698 308 1749 parens,
324 1682 460 1733 moerendo
473 1688 535 1733 tuos
546 1682 701 1749 expendere
714 1682 820 1742 luctusr

130 1779 259 1831 Nondum
273 1795 341 1845 opus
353 1778 467 1831 absolvit
479 1778 557 1830 triste
569 1794 696 1846 suprema
711 1795 816 1832 manus.

92 1971 164 2023 Vidit
177 1971 265 2023 adhuc
273 1953 374 2023 ‘molles
386 1971 493 2038 genitor
505 1987 586 2038 super
599 1971 692 2023 oscula
705 1971 790 2032 risus;

128 2069 201 2120 Vidit
213 2068 300 2120 adhuc
314 2084 427 2121 veneres
440 2068 587 2121 irrubuisse
599 2068 692 2136 genis:

92 2163 128 2215 Et
141 2172 247 2215 teneras
261 2164 355 2231 raptim
369 2179 491 2224 veneres
506 2164 673 2232 blandosque
685 2165 800 2232 lepores

128 2259 163 2310 Et
176 2259 272 2313 tacitos
285 2257 353 2311 risus
367 2257 503 2310 transtulit
516 2258 542 2309 in
557 2260 684 2312 tabulam.

92 2353 232 2421 Pingendo
246 2355 345 2406 desiste
358 2361 436 2406 tuum
450 2353 556 2420 signare
569 2356 705 2415 dolorem;

128 2450 215 2502 Filioli
226 2450 338 2517 longurn
350 2450 421 2502 vivet
434 2450 523 2517 imago
536 2449 591 2502 tui:

91 2544 178 2607 Vivet,
195 2553 221 2598 et
235 2554 336 2598 aeterna
350 2546 424 2598 vives
437 2552 467 2597 tu
480 2544 575 2605 laude;
595 2562 646 2597 nec
655 2553 714 2598 arte

126 2642 282 2694 Vincendus
296 2642 389 2708 pictor,
406 2657 457 2693 nec
469 2640 569 2707 pietate
582 2647 665 2706 pater.
