1830 3216
398 124 540 161 manustra.
821 111 871 165 187

70 260 202 326 Tertium,
219 263 281 317 item
297 273 431 332 quartum,
447 268 628 336 quintumque
641 267 793 321 minuscula
806 284 869 335 sup-

138 359 204 428 plet.

103 453 159 507 Sed
172 470 227 506 non
241 454 362 524 ejusdem
375 455 482 524 singula
491 471 608 525 quaeque
620 456 682 512 loci.

64 549 207 618 Disposita
218 551 357 605 ordinibus
370 552 459 615 certis,
474 552 629 606 discrimina
640 559 748 607 servant
759 574 766 614 ;

104 645 174 707 Quae
186 647 237 700 sibi
249 648 420 711 conveniant,
435 648 530 717 seligat
542 649 616 702 unde
628 665 723 703 nurus.

65 742 171 797 Ultima
183 760 242 813 quae
255 750 365 807 restant,
380 761 440 814 quae
452 744 538 799 multa
550 745 684 799 minutula
696 746 816 816 nympha

100 837 185 902 Dicit,
200 846 264 893 sunt
277 840 348 894 sexti
358 840 460 895 divitia
472 839 538 894 lolii.

67 934 209 995 Quantillo
222 935 250 989 in
262 935 349 1005 spatio
361 936 486 990 doctrina
497 934 528 990 ol
548 942 649 1006 quanta
659 935 782 991 latescitl

103 1029 194 1091 Quam
207 1037 299 1084 tamen
311 1032 454 1086 obscuram
467 1033 513 1086 vix
525 1033 656 1086 brevitate
668 1049 758 1086 voces.

65 1124 131 1178 Non
145 1131 187 1178 est
200 1125 340 1194 interpres,
356 1143 411 1180 non
425 1127 636 1181 commentarius
649 1128 730 1190 ullus,

103 1219 274 1281 Autinde13
294 1228 350 1274 tam
361 1228 426 1275 sunt
439 1222 532 1276 omnia
542 1223 692 1291 perspicua.

63 1315 186 1370 AEtatem
198 1317 232 1370 ad
244 1316 374 1386 quamvis,
388 1317 423 1370 ad
435 1324 544 1386 captum
556 1317 594 1372 ita
604 1317 716 1387 fingitur
728 1335 845 1381 omnem,

102 1410 142 1465 Ut
154 1412 222 1466 nihil
233 1413 325 1467 auxilii
338 1413 458 1482 postulet
469 1415 534 1469 inde
545 1415 622 1470 liber.

65 1505 154 1560 Millia
163 1507 292 1561 librorum
305 1516 431 1563 numerat
442 1510 584 1578 perplura;
604 1527 655 1565 nec
668 1511 754 1566 ullum

101 1603 203 1657 Bodlaei
215 1603 278 1657 huic
286 1603 372 1672 jactat
386 1604 554 1658 Bibliotheca
566 1622 667 1674 parem.

65 1697 153 1752 Millia
167 1698 289 1753 Casareo
301 1706 427 1753 numerat
438 1716 548 1769 quoque
559 1718 674 1756 munere
688 1701 799 1766 Granta.

102 1794 169 1848 Haec
181 1801 272 1848 tamen
285 1801 327 1848 cst
338 1795 410 1848 inter
422 1794 505 1848 millia
516 1795 570 1849 tale
583 1796 658 1850 nihil.

65 1892 131 1946 Non
145 1898 195 1954 est,
210 1907 265 1944 non
278 1891 336 1945 istis
347 1898 443 1945 auctor
455 1891 490 1945 dc
502 1891 619 1946 millibus
633 1910 714 1957 uuus,

101 1988 156 2042 Cui
167 1994 243 2042 tanta
253 1987 354 2058 ingenii
366 1987 414 2051 vis,
430 1987 474 2042 vel
484 2005 600 2044 acumen
613 1990 692 2045 inest.
