1830 3216
309 115 424 152 ruresrs
444 116 478 152 er
497 116 596 152 cepoe.
819 103 853 156 47

56 255 153 308 Formo
163 254 217 308 fuit
230 256 308 321 (durn
320 256 406 310 torma
417 256 482 324 fuit)
496 256 630 310 nascentis
642 257 676 309 ed
688 256 771 309 instar

92 353 186 414 Floris.
203 353 248 406 eui
261 369 329 406 cano
341 355 477 424 gemmule
488 371 550 407 rore
561 361 649 407 tumet
659 375 665 413 ;

57 450 92 503 Et
105 449 227 503 Veneres
241 451 331 513 risere,
347 458 374 504 et
387 453 556 505 subrubuere
571 451 674 513 labella,

92 547 230 600 Subrubet
244 555 274 600 ut
286 548 386 600 teneris
399 564 518 616 purpura
529 548 614 615 prima
626 547 701 599 rosis.

58 739 111 793 Sed
122 739 198 792 lente
210 739 300 792 exedit
312 739 387 792 tabes
399 740 563 808 mollemque
575 740 709 810 ruborem,

91 834 128 888 Et
140 835 232 889 faciles
245 835 324 898 risus,
339 842 366 888 et
374 835 497 904 juvenile
509 836 592 888 decus
604 858 610 888 ε
624 866 627 871 ·

56 931 92 984 Et
105 949 168 985 rosa
179 933 307 1001 paulatim
319 933 451 1002 languens
464 934 565 987 nudata
577 933 684 1002 reliquit

94 1028 210 1090 Osculu;
230 1029 365 1097 praeripuit
377 1046 451 1083 mors
462 1036 604 1097 properate
618 1027 731 1082 Chloen.

54 1222 166 1274 Excute
177 1228 206 1274 te
217 1223 334 1282 somnis;
355 1230 490 1276 nocturno
502 1238 609 1290 egresse
621 1220 772 1289 sepulchro,

92 1318 198 1372 Evocat
210 1319 322 1373 infidum
338 1320 473 1390 Thyrside
484 1319 537 1373 fidu
551 1319 652 1374 Chloe:

54 1415 182 1468 Tandem
193 1413 225 1468 ol
246 1433 320 1469 nuno
333 1417 442 1470 tandem
453 1416 588 1479 miserere,
601 1415 851 1484 audiquepuella1n‚

92 1511 147 1565 Cui
158 1519 223 1565 tuus
234 1512 330 1566 invidit
343 1512 434 1565 vivere
446 1514 530 1565 durus
543 1528 627 1565 emor.

55 1704 109 1757 Hae
122 1706 241 1757 tenebre
253 1705 381 1772 querulos
393 1722 495 1768 menes,
510 1705 566 1758 haeo
579 1705 651 1758 elicit
663 1705 737 1766 hora,

91 1800 132 1853 Ut
145 1801 257 1854 tumulis
269 1807 390 1854 reserent
402 1801 513 1854 humida
525 1801 641 1855 claustra
652 1801 708 1854 suis
720 1823 726 1861 ;

53 1897 223 1965 Spectraque
236 1896 398 1960 discurrunt,
414 1897 516 1967 perjuri
527 1904 615 1951 terror
627 1898 758 1951 amantis:

91 1994 131 2048 Ut
144 1994 279 2062 trepidum
292 1995 421 2049 infestent
435 1996 625 2064 exagitentque
638 2011 724 2048 reum.

53 2189 166 2259 Thyrsi,
180 2197 261 2244 tuum
273 2191 384 2253 crimen,
399 2192 511 2244 solenne
524 2191 650 2260 recollige
661 2192 754 2251 foedus,

90 2285 128 2338 Et
141 2302 239 2339 revoca
249 2286 330 2339 laesos
342 2287 369 2338 in
383 2293 430 2340 tua
441 2294 504 2340 vota
517 2288 600 2340 deos:

50 2382 266 2452 Virgineumque
276 2383 367 2444 fidem,
378 2384 523 2453 jurataque
535 2385 617 2437 verba
629 2384 751 2443 reinitte;

90 2478 127 2531 Et
140 2495 201 2532 mea
213 2478 298 2532 redde
310 2479 376 2532 mihi
388 2486 459 2541 vote,
474 2497 582 2534 resume
595 2486 650 2533 tue„

51 2675 85 2727 ln
100 2691 156 2742 qua
167 2673 273 2727 defixus
285 2674 367 2728 toties
379 2674 479 2729 haerere
492 2676 604 2736 solebas,

91 2771 150 2832 Qui
160 2769 257 2823 faciem
271 2778 378 2837 poterae
391 2770 545 2825 destituisse
558 2769 665 2823 meam?

51 2869 110 2931 Qui
122 2868 259 2928 tenerurn',
276 2875 304 2921 et
316 2885 407 2922 rerum
417 2869 540 2937 ignarum
550 2868 615 2921 mihi
627 2868 736 2921 vincere
748 2874 853 2935 pectus,

88 2966 256 3033 Victumque
268 2963 384 3034 indignis
397 2965 563 3021 discrueiure
575 2965 686 3029 modis3

886 3002 912 3031 A
