1830 3216
230 692 434 747 INNOCENS
456 691 711 749 PRAEDATRIX.

70 885 182 938 Sauum
195 900 242 952 per
255 900 372 951 campos,
389 885 464 938 nullo
478 884 584 937 delesse
595 883 697 947 labore,

105 980 137 1033 ln
151 980 218 1033 cella
230 987 261 1033 ut
273 981 355 1048 stipat
367 981 455 1042 mella,
473 988 585 1048 vagatur
597 981 654 1048 apis
666 1003 672 1032 :

68 1075 242 1142 Purpureum
255 1074 300 1127 vix
312 1074 406 1128 florem
420 1074 510 1143 opifex
523 1076 697 1142 praetervolat
711 1093 802 1138 unum.

106 1171 266 1224 Innumeras
278 1171 349 1225 inter
362 1188 428 1239 quas
441 1172 487 1224 alit
500 1171 597 1224 hortus
610 1188 693 1239 opes;

71 1267 193 1321 Herbula
204 1267 348 1335 gramineis
361 1268 406 1319 vix
420 1284 475 1320 una
486 1267 637 1321 innascitur
649 1268 729 1336 agris,

106 1364 240 1417 Thesauri
253 1365 326 1416 unde
339 1365 439 1432 aliquid
452 1381 507 1416 non
521 1364 643 1418 studiosa
653 1365 730 1434 legit.

71 1462 96 1512 A
109 1460 176 1512 flore
188 1461 220 1512 ad
233 1459 328 1511 florem
341 1459 445 1520 transit,
461 1459 589 1527 mollique
602 1459 721 1513 volando

106 1554 214 1607 Delibat
226 1560 301 1607 tactu
314 1571 398 1607 suave
411 1555 484 1622 quod
497 1555 572 1607 intus
584 1554 695 1609 habent.

71 1649 171 1704 Omnia
183 1649 291 1711 delibat,
306 1666 386 1716 parce
399 1650 447 1702 sed
461 1657 488 1702 et
500 1651 598 1711 omnia,
614 1650 680 1703 furti

106 1746 145 1799 Ut
158 1763 193 1798 ne
206 1746 249 1799 vel
262 1747 403 1799 minimum
418 1746 516 1799 videris
530 1747 669 1800 indicium.

71 1841 171 1895 Omnia
183 1841 309 1909 degustat
322 1851 376 1894 tam
390 1858 477 1908 parce,
493 1847 524 1894 ut
536 1842 621 1908 gratia
633 1842 709 1895 nullu

107 1937 239 2000 Floribus,
255 1945 287 1991 ut
299 1939 391 1991 nullus
404 1938 570 1990 diminuatur
582 1938 659 1990 odor.

71 2032 136 2084 Non
148 2032 186 2085 ita
196 2032 349 2099 praedantur
362 2033 468 2085 modice
481 2033 636 2099 bruohique
649 2041 677 2085 et
700 2049 792 2093 eruo;

108 2127 180 2188 Non,
196 2128 247 2180 ista
258 2127 400 2181 hortorum
413 2128 530 2180 maxima
541 2129 634 2194 pestis,
649 2145 733 2182 aves:

72 2225 135 2277 Non
150 2224 187 2277 ita
199 2231 320 2291 raptores
333 2224 415 2285 corvi,
432 2240 548 2291 quorum
562 2224 684 2290 improba
696 2234 785 2278 rostra

107 2320 268 2387 Despoliant
280 2337 358 2388 agros
372 2320 559 2387 effodiuntque
572 2327 638 2373 sata.

73 2417 175 2470 Succos
189 2416 344 2468 immiscens
357 2417 453 2476 succis,
467 2417 505 2468 ita
517 2415 635 2468 suaviter
648 2432 745 2470 omnes

108 2511 263 2578 Temperat,
279 2518 310 2563 ut
323 2512 427 2563 dederit
443 2511 558 2579 Chymia
570 2511 644 2563 nulla
656 2529 743 2579 pares.

72 2606 124 2659 Vix
136 2606 240 2659 furtum
255 2613 296 2658 est
310 2605 385 2666 illud,
400 2606 487 2658 dicive
502 2606 600 2674 injuria
613 2605 703 2666 debet,

110 2702 192 2763 Quod
205 2719 267 2755 cera
280 2709 307 2754 et
321 2701 406 2754 multo
421 2701 501 2754 melle
514 2702 637 2769 rependit
650 2703 715 2769 apis.
