1830 3216
71 115 120 163 168
437 130 501 166 our.

70 269 142 322 Hinc
156 286 206 321 nec
219 274 355 322 certarnen
369 270 428 323 vult
441 271 485 323 illa
497 272 602 333 iterare,
619 274 664 326 vel
677 274 738 328 illa:

106 367 242 418 Contenta
255 374 282 419 et
294 367 359 420 felix
372 375 488 436 utraque
499 368 580 421 laude
595 385 655 423 sua.

70 463 163 515 Gloria
176 470 277 516 naturae
289 470 371 530 atque
383 465 455 526 artis,
471 481 638 532 componere
650 474 742 522 tantas

107 558 174 617 Quae
186 559 276 625 potuit
287 559 349 612 lites
362 559 449 622 unica,
468 558 559 612 Mira*
577 560 640 614 fuit.

425 942 520 989 ODE

112 1089 310 1142 MAGISTRI
332 1090 531 1143 GULIELMI
553 1089 824 1150 SHAKESPEAR,

272 1243 407 1279 VERSIONB
426 1243 532 1279 LA'HNA
552 1242 675 1278 DONATA.

70 1373 126 1424 er
139 1373 303 1425 matutinum
317 1373 436 1426 ebiberat
449 1374 483 1426 de
495 1373 616 1442 gramine
629 1389 720 1426 rorem

108 1466 242 1520 Umbrosa
253 1468 369 1521 invitans
385 1468 501 1522 Phoebus
513 1470 547 1521 ad
559 1475 636 1521 antra
648 1469 742 1529 bovae,

72 1563 142 1614 Cum
156 1579 249 1616 secum
262 1563 358 1631 placidi
373 1563 510 1633 Cytherea
521 1565 555 1616 ad
567 1563 687 1616 fluminis
699 1563 794 1624 undas,

109 1659 267 1712 Adventum
280 1667 426 1726 expectans
440 1660 518 1720 aedit,
537 1659 636 1721 Adoni,
651 1665 742 1711 tuum.

73 1754 129 1806 Sub
142 1754 228 1807 salicis
241 1754 312 1807 sedit
324 1755 411 1816 ramis,
427 1756 474 1807 ubi
486 1771 556 1822 saepe
568 1755 673 1807 solebat

109 1848 294 1901 Procumbens
306 1849 407 1902 fastum
419 1849 579 1916 deposuisse
590 1865 668 1916 puer.

71 1943 165 1995 AEstus
179 1951 236 1996 erat
247 1944 353 2012 gravis3
373 1951 400 1996 at
412 1944 519 2012 gravior
531 1945 582 1996 sub
595 1950 707 2010 pectore
721 1943 788 1996 dive

110 2039 165 2098 Qui
176 2039 237 2100 tuit,
253 2046 280 2092 et
292 2039 374 2107 longe
387 2040 489 2100 saevior,
505 2046 589 2091 aestua
602 2045 668 2091 erat.

74 2132 140 2184 Mox
154 2150 221 2200 puer
233 2134 351 2195 advenit,
367 2135 513 2202 posuitque
525 2151 542 2186 a
553 2150 667 2201 corpore
680 2141 793 2195 vestem,

110 2230 177 2282 Tam
191 2247 275 2297 prope
288 2231 333 2283 vix
347 2231 481 2284 Venerem
495 2231 634 2284 delituisse
647 2237 738 2283 ratus:

74 2327 167 2395 thue
180 2329 258 2380 deam
271 2329 338 2381 vidit
352 2330 526 2382 recubantem
539 2329 566 2380 in
580 2327 702 2395 margine
714 2326 785 2395 ripa,

111 2424 253 2476 Attonitus
266 2424 361 2476 mediis
374 2425 506 2477 insiliebat
519 2423 603 2492 aquia.

75 2518 220 2571 Crudelem
234 2520 348 2586 decepta
360 2519 462 2581 dolum,
476 2519 655 2588 fraudemque
667 2519 809 2587 superbam

111 2616 149 2669 Ut
161 2617 242 2677 videt,
258 2616 300 2668 his
312 2616 413 2669 moestis
426 2616 538 2683 ingemit
550 2616 596 2668 illa
608 2615 695 2668 modis
707 2636 714 2668 ι

75 2712 139 2772 Cur,
155 2729 189 2764 ex
202 2729 330 2780 aequoreae
343 2727 438 2779 spuma
451 2728 514 2763 cum
527 2727 652 2764 nascerer
665 2711 757 2772 unda,

109 2809 173 2861 Non
187 2809 253 2878 ipsa,
268 2825 285 2862 o
298 2808 396 2878 inquit,
411 2805 537 2876 Jupiteri
563 2807 637 2858 unda
648 2804 707 2858 fuir

362 2952 373 2976 ⁸
395 2947 465 2996 Vide
476 2959 545 3009 page
557 2940 620 2988 tut.
