1830 3216
146 586 264 643 MEMO
286 585 408 658 MISER
429 584 510 638 NISI
531 583 817 640 COMPARATUS.

80 774 151 836 Qnrs
163 771 215 824 fuit
227 770 321 824 infelix
332 768 416 824 adeol
437 769 496 838 quis
509 767 632 837 perditus
644 767 740 837 aeqnel

116 867 299 935 Conqueritur
311 872 405 918 monto
418 863 536 918 carmine
548 863 633 916 tristis
644 879 749 917 amans.

80 964 144 1016 Non
156 980 244 1017 novus
257 961 301 1015 hio
315 966 436 1027 questus,
451 974 546 1011 rarove
558 957 669 1011 auditus
680 979 688 1019 ς
708 965 832 1020 amantea.

115 1059 225 1113 Deserti
238 1064 266 1112 et
278 1056 362 1124 spreti
373 1054 447 1108 mille
459 1060 612 1121 queruntur
624 1053 707 1106 idem.

80 1154 177 1208 Fatum
190 1156 317 1208 decantas
329 1153 402 1220 quod
415 1158 446 1204 tu
460 1150 619 1212 miserabile,
635 1150 740 1205 multus

115 1250 246 1318 Deplorat
259 1249 346 1301 multo
359 1264 422 1300 cunr
437 1247 584 1315 corydone
598 1246 747 1313 Strephon.

81 1347 110 1399 Si
123 1354 170 1399 tua
182 1362 243 1398 cum
258 1344 367 1412 reliquis
379 1342 518 1396 confertur
530 1341 616 1394 amica
627 1342 735 1409 puellis,

117 1441 180 1494 Non
194 1457 226 1494 ea
237 1440 281 1493 vel
293 1439 350 1492 sola
362 1445 403 1491 est
414 1437 510 1499 ferrea,
525 1444 591 1490 tuve
603 1435 694 1488 miser.

102 1857 291 1912 IGNAVUM
314 1855 450 1916 FUGOS,
475 1855 602 1911 PECUS
626 1859 652 1911 A
674 1858 857 1914 PRAESEPI·

349 1992 423 2044 BUS
445 1990 618 2045 ARGENT.

82 2159 141 2212 Pan
155 2159 286 2214 Batavirm
298 2162 399 2229 plateas
413 2162 471 2229 (ita,
485 2178 553 2230 gens
565 2178 686 2230 operosa,
702 2163 817 2230 cavetis)

118 2254 262 2308 Mendious
275 2273 365 2319 nemo,
381 2273 462 2309 nemo
476 2265 587 2325 vagatur
600 2257 681 2310 iners.

84 2349 147 2402 Non
157 2365 252 2412 caeons,
263 2367 318 2403 non
329 2351 442 2404 claudus
452 2351 539 2412 iners;
555 2352 636 2405 modo
645 2352 700 2405 sint
710 2352 767 2415 tibi,
778 2353 878 2414 claude,

119 2444 175 2506 Qui
186 2445 298 2513 prosint,
314 2446 401 2506 oculi;
421 2446 476 2499 sint
488 2446 544 2508 tibi,
559 2463 637 2509 caeoe,
652 2462 758 2500 manus.

82 2540 146 2593 Non
159 2556 273 2608 operum
286 2541 414 2595 immunis
425 2558 494 2609 puer
506 2549 556 2604 est,
571 2558 627 2595 non
639 2542 767 2611 grandior
780 2560 852 2604 revo3

118 2637 172 2689 Sed
185 2653 235 2690 sua
246 2643 319 2690 stant
331 2654 424 2705 puero,
440 2645 512 2691 stant
524 2655 574 2692 sua
585 2655 669 2707 pensa
680 2640 748 2692 seni.

71 2732 97 2787 0
107 2735 238 2803 prudens
252 2735 404 2791 hominurn
414 2730 586 2800 respublioal
603 2731 680 2782 natio
690 2739 794 2788 nestra.

94 2832 131 2886 ln
148 2835 237 2891 terris
250 2849 380 2906 usquam
395 2829 499 2888 sistet,
513 2822 623 2887 lltopia
632 2827 688 2870 est,
