1830 3216
299 134 377 170 ΔΙΟΒ
395 134 520 172 lucanis.

52 271 108 324 tivo
120 271 244 340 quamvis
256 271 332 325 cultu
345 273 517 342 candoreque
529 273 651 341 simplex,

52 365 195 421 Pulchrum
208 367 252 420 illa
264 367 368 421 inducit
380 368 550 437 simplicitate
563 368 685 431 chorum,

52 482 68 518 c
80 465 195 519 totidem
208 481 322 520 veneres
334 466 413 529 inter,
428 474 605 536 quotcunque
617 474 777 536 sequuntur,

52 561 81 615 le
93 561 212 630 primurn
224 561 330 615 dubitat
341 562 524 630 promeruisse
535 561 636 616 locum.

52 754 149 823 linquid
162 754 235 808 enim
246 762 372 809 tenerum
384 756 494 824 spirant,
507 757 550 809 vel
561 757 674 810 amabile
687 756 808 818 miscent,

52 852 123 914 Lilia,
138 852 183 906 vel
195 852 278 915 violae,
293 869 488 922 purpureaeque
500 870 575 915 rosae,
620 903 621 907 ,

52 951 123 1019 rique
135 949 193 1003 aliis
205 950 250 1003 alii
261 952 412 1006 succedunt
424 950 543 1013 floribus,
559 968 640 1005 omne

52 1045 90 1100 Ex
102 1062 161 1100 uno
173 1045 312 1116 excipiunt
324 1047 444 1117 simplice
456 1047 524 1101 flore
536 1048 627 1101 decus.

258 1551 373 1605 AMOR
394 1550 570 1605 INERMIS.

71 1772 80 1807 l
93 1761 203 1825 myrtus
216 1754 295 1808 ramis
308 1755 420 1808 viridem
433 1754 574 1808 contexuit
587 1755 708 1808 umbram

78 1851 174 1914 iffirsis,
185 1851 271 1920 jacuit
283 1850 448 1918 semisupina
462 1849 556 1904 Chloe.

93 1948 178 2002 tacito
189 1949 302 2002 accessit
314 1948 429 2002 tendens
443 1947 555 2016 vestigia
565 1963 668 2016 gressu,

101 2043 196 2097 furtim
210 2044 236 2096 in
252 2044 326 2097 molli
338 2051 448 2112 pectore
460 2043 529 2096 sedit
544 2043 638 2096 Amor.

99 2139 154 2193 osis
167 2156 296 2194 mammas
308 2140 356 2193 alis
369 2140 495 2208 protexit,
511 2146 539 2192 et
550 2139 624 2192 intus

106 2252 196 2289 rusum
209 2235 328 2289 occuluit
341 2235 469 2304 parvulus
482 2251 543 2287 erro
556 2241 645 2302 caput.

123 2471 193 2539 opha
205 2471 323 2524 excussit
336 2487 470 2532 somnum,
485 2469 627 2538 perterrita
639 2485 741 2521 numen

131 2567 195 2636 pido
208 2567 292 2621 sensit
304 2567 443 2620 delituisse
455 2566 525 2620 sinu.

139 2679 204 2716 cans
215 2662 327 2724 animos,
342 2661 463 2715 fraudem
476 2662 526 2715 suh
539 2669 649 2729 pectore
662 2666 758 2720 versat,

145 2776 162 2811 a
173 2759 220 2828 qui
230 2758 306 2822 fallit,
320 2759 412 2812 fallere
424 2765 497 2812 certa
516 2759 606 2811 deum.

151 2872 217 2909 vens
227 2872 329 2916 zonam,
343 2856 423 2924 pueri
434 2871 484 2926 per
497 2856 611 2913 brachia
623 2855 716 2918 tlue'rt.

158 2966 202 3002 ras
215 2951 297 3005 vincit
308 2954 407 3008 callida
420 2960 554 3031 nympha
568 2976 691 3016 manus.
