1830 3216
305 46 325 73 Ἅι

227 111 305 148 sarrs
324 111 374 147 aar
393 112 498 154 cerasa
519 113 622 148 sareu.
769 99 821 149 229

17 252 68 305 llla
79 259 173 306 tamen
186 252 264 312 redit,
280 259 316 313 et,
332 268 488 320 quanquam
501 268 608 305 servare
620 252 722 313 laboro,

56 348 153 409 Instat,
167 354 194 400 et
207 346 366 399 inflammas
380 347 549 414 exitiumque
561 347 624 399 ruit.

19 444 157 514 Exiguam
170 444 218 496 tibi
231 445 294 496 uolo
306 444 431 506 animam,
447 460 526 512 quarn
540 443 655 512 projicis,
671 443 742 496 ultra

57 542 172 594 Servare
183 560 190 598 ;
211 546 239 590 et
251 538 273 591 si
286 539 322 591 sis
335 546 409 592 certa
420 539 516 606 perire,
534 538 598 605 peri.

291 907 552 965 'APXITEKTnu

21 1058 141 1118 Asrrcrs,
157 1061 187 1108 ut
199 1055 293 1108 nidum
307 1055 388 1124 tignis
400 1055 499 1124 suffigit
508 1056 633 1117 hirundo,

56 1152 196 1206 Caemento
209 1158 240 1204 ut
251 1151 327 1204 luteo
340 1152 445 1219 pensile
457 1151 546 1205 firmat
556 1149 641 1219 opusl

22 1248 136 1316 Aspicis,
151 1255 183 1300 ut
195 1247 280 1299 solido
291 1247 440 1299 durescunt
453 1247 549 1299 moenia
558 1263 640 1307 nexu,

56 1343 148 1405 Quem
161 1359 251 1411 neque
263 1348 408 1395 ventorum
421 1343 468 1404 vis,
484 1359 574 1410 neque
586 1342 673 1395 solvat
684 1339 769 1408 aquai

21 1439 164 1492 Structura
175 1439 326 1501 incolumis,
341 1438 442 1491 multos
455 1455 582 1491 mansura
593 1454 641 1505 per
653 1454 747 1498 annos,

54 1534 125 1588 Vere
139 1535 234 1586 eadem
247 1535 360 1587 reduces
374 1533 472 1601 excipit
485 1533 585 1601 hospes
597 1549 670 1586 aves.
810 1522 813 1528 ¹

22 1628 136 1683 Praestat
148 1629 176 1680 iu
189 1629 294 1696 exigua,
309 1629 382 1696 quod
393 1645 448 1681 non
462 1627 653 1695 Vanbrughius
666 1634 763 1695 aequet,

56 1727 139 1788 Quod
152 1742 207 1778 non
223 1725 367 1780 Gibbesius
381 1726 478 1789 vincet,
494 1725 611 1778 hirundo
627 1725 717 1778 domo.

139 2095 257 2150 ARTIS
277 2093 352 2148 EST
373 2093 530 2148 CELARE
553 2093 703 2148 ARTEM.

19 2246 165 2310 Puacuaa,
181 2263 231 2300 neo
244 2246 350 2309 invitos,
366 2255 445 2300 vocat
457 2247 491 2299 ad
499 2246 653 2314 spectacula
664 2246 737 2299 cives

55 2342 184 2404 Famulus,
200 2342 315 2410 egregia
328 2342 495 2395 dexteritatis
507 2342 604 2402 homo;

19 2437 124 2490 Fallere
134 2443 287 2505 spectantes
300 2453 354 2505 quo
368 2454 423 2490 uon
436 2438 561 2491 solertior
572 2438 648 2498 alter,

54 2532 106 2586 Vel
118 2533 219 2600 linguae
232 2532 343 2595 insidiis,
358 2535 402 2586 vel
413 2533 522 2587 levitate
535 2548 640 2585 manus.

19 2627 79 2682 Enl
100 2628 177 2681 vobis
190 2628 342 2695 (aperitque
354 2645 464 2680 manum
477 2629 606 2695 deceptor
619 2628 774 2692 utramque)

56 2722 237 2779 Orbiculuml
259 2723 304 2776 hei
315 2731 410 2791 praesto
420 2722 758 2792 l-sugit‚‘abivit-adest.

20 2820 72 2874 Est
84 2820 136 2882 hic,
152 2827 193 2872 est
204 2820 431 2889 illic-nusquam
442 2827 494 2884 est,
509 2827 539 2874 et
549 2815 799 2888 auique-aldae„

43 2914 76 2963 lu
89 2915 247 2967 mensa-in
263 2917 365 2973 loculis
378 2919 540 2992 hujus-'m
549 2935 605 2974 ore
614 2925 683 2971 tuo.

747 3019 779 3055 a
