1830 3216
270 120 383 157 ananan
402 119 527 165 notetus,
548 119 608 156 mc.
788 103 840 160 277

53 260 114 314 icae
127 260 198 312 idem
211 260 245 312 ad
258 275 353 312 zonam
366 259 446 312 tinnit
458 258 526 312 mihi
537 258 627 312 cultus
639 257 732 317 anilis;

76 357 154 409 Idem
167 356 195 408 in
207 357 306 408 turrito
319 356 421 408 vertice
434 363 512 409 nutat
524 371 602 423 apex.

54 453 146 519 Torpet
158 451 230 504 iners
243 451 320 504 venis
332 451 481 504 etiamnum
494 451 618 519 sanguim
638 451 667 503 in
680 467 727 504 ore

77 549 138 601 Nec
151 548 217 600 mihi
229 548 348 616 pullinus
362 549 438 612 dens,
453 564 543 616 neque
556 547 719 601 denticulus.

55 662 131 714 nque
142 661 226 713 genas
238 645 320 698 subiit
332 645 398 697 mihi
410 645 480 712 pilus
494 651 521 698 et
533 645 601 697 alter
614 651 641 697 et
653 645 729 706 alter,

78 741 149 795 Lilia
160 758 226 809 quas
239 741 358 804 memini,
375 757 442 809 quas
455 738 596 794 decorasse
609 753 691 794 rosas.

54 837 103 890 dec
116 844 206 889 tamen
219 837 315 888 incuso
330 835 443 896 Parcas;
464 853 515 889 nec
528 836 669 904 questibus
681 835 759 904 aegris

78 932 193 1000 ingemo
206 933 362 985 damnosam
375 949 420 985 me
432 932 563 985 minuisse
575 932 656 985 diem.

54 1027 182 1083 destituet
194 1028 281 1081 iatam
294 1029 360 1081 mihi
373 1029 458 1097 gratia
470 1036 561 1082 vestra
569 1029 711 1098 juventam
723 1050 729 1079 ε

79 1125 206 1179 Plaudite
218 1142 267 1179 vos
278 1125 543 1181 faciles-Canthara
554 1143 610 1178 non
622 1142 690 1180 anus
703 1131 753 1178 est.

320 1788 496 1822 -ΕΚΛΝΒΕ
515 1787 630 1822 DOLORH

251 1883 398 1918 tuduinum.

54 2060 181 2114 Daacnnn
194 2059 285 2112 clausa
297 2057 374 2126 nigro
387 2058 453 2110 dum
464 2057 512 2110 fiet
528 2055 685 2118 Philomela,
701 2054 848 2109 nefandum

83 2155 198 2223 Ingenio
211 2154 308 2222 prodit,
324 2154 397 2221 quod
410 2152 505 2219 nequit
518 2168 573 2214 ore,
589 2152 687 2204 scelus.

54 2253 154 2306 l'ereos
167 2251 264 2304 incesti
276 2250 397 2318 depingit
409 2249 503 2302 callida
515 2249 618 2302 crimen

83 2347 170 2401 Veste
182 2364 272 2414 super,
288 2347 368 2398 docta
380 2361 461 2412 quam
474 2343 585 2396 variavit
597 2360 656 2396 acu.

54 2442 125 2504 Quid
139 2460 194 2496 non
208 2459 287 2510 posse
300 2448 379 2509 putas
390 2441 457 2502 fieri,
473 2439 592 2493 dictante
605 2437 719 2493 dolore?

86 2538 144 2590 Aut
158 2538 205 2590 ubi
218 2555 273 2590 non
285 2537 378 2605 lingua
390 2542 439 2598 est,
455 2535 479 2589 si
491 2551 581 2603 neque
594 2536 690 2588 dextra
701 2533 793 2588 tacet?
