1830 3216
325 99 354 135 ru
368 99 552 136 eerrusutsu.
804 81 838 128 35

62 237 188 290 {erentes
199 242 273 289 stant
284 235 387 289 circum
398 235 531 296 homines,
545 235 652 303 imaque
664 233 816 287 recondunt

62 333 136 387 iente
148 348 240 394 sonos,
256 332 340 385 fidum
351 348 447 401 genus,
462 330 612 400 incertique
624 330 689 400 quid
701 336 809 398 optent:

62 431 82 484 'e
93 430 189 485 dulces
202 429 300 483 nolunt
311 428 453 482 moriendo
465 429 625 496 abrumpere
637 443 733 488 voees;

63 528 203 582 rotrehere
215 526 339 596 ingentes
351 507 449 580 nolunt
461 525 578 580 virendo
591 525 706 580 dolores.

184 764 226 817 IN
247 761 407 816 FESTUM
427 761 510 814 mvi
531 761 694 817 THOMAE,

66 921 92 967 n,
108 904 226 966 Thomu,
242 919 276 957 en
286 902 394 956 inhians
406 902 498 955 divino
510 902 537 954 in
550 918 663 970 corpore
675 900 783 962 vulnus,

74 1001 118 1055 En
131 1001 220 1055 crucis
233 1007 261 1055 et
273 1000 342 1054 elavi
352 1001 434 1054 livida
444 1000 521 1069 signa
533 998 610 1053 videi

62 1099 161 1147 redulus
171 1098 231 1146 hine
243 1097 370 1146 Christum
381 1112 507 1160 agnoscas,
519 1097 578 1145 dum
589 1095 691 1144 vulnera
704 1105 824 1144 monstrat

76 1197 149 1258 Quoe
162 1195 246 1265 digito
258 1196 390 1263 explores.
405 1194 518 1248 vulnere
532 1193 656 1248 Christus
668 1192 757 1246 hebet.

62 1293 112 1347 iiue
124 1292 182 1354 tibi,
198 1292 268 1354 dive,
282 1291 372 1353 fldem,
386 1290 449 1343 hinc
461 1290 519 1343 aliis
531 1289 688 1348 conflrmat;
702 1295 728 1341 et
742 1289 798 1356 ipse

75 1391 160 1452 Quod
172 1389 289 1450 dubites,
303 1388 369 1442 alios
382 1403 437 1440 non
451 1387 573 1440 dubitare
585 1386 657 1439 sinit.

191 1665 232 1718 IN
254 1664 466 1718 CALENDAS
486 1661 688 1717 JANUARII.

71 1806 88 1859 J
91 1821 148 1859 sus
161 1812 244 1873 peter,
258 1805 368 1874 gemino
380 1805 468 1858 cernis
480 1804 527 1873 qui
538 1811 661 1872 tempora
673 1803 759 1865 vultu,

111 1902 168 1964 Qui
179 1901 261 1954 finem
273 1917 415 1962 annorum,
429 1899 645 1970 principiumque
657 1898 747 1959 vides;

71 2001 213 2068 Tempora
224 1998 369 2068 prospicias
381 1998 526 2059 nascentia,
542 2005 570 2051 et
582 1997 672 2050 omine
683 1997 744 2050 laeto

108 2095 267 2164 Distinguet
277 2094 381 2148 faustos
393 2093 524 2147 candidus
531 2094 602 2146 -ordo
614 2093 680 2146 dies.

71 2192 192 2247 Ferratis
204 2191 300 2245 cohibe
311 2190 415 2244 foribus
426 2190 532 2244 tristem
544 2191 618 2244 intus
631 2189 754 2260 erynuin,

109 2287 236 2356 Improba
248 2303 299 2340 nee
309 2293 404 2356 poscat
418 2286 519 2340 civicus
531 2302 605 2338 arma
615 2285 700 2339 furor.

71 2384 197 2454 Incipiet,
212 2399 315 2453 precor,
329 2383 454 2452 auspiciis
464 2382 588 2436 felicibus
600 2399 696 2444 annus,
786 2434 792 2447 ,

107 2481 155 2544 Et,
169 2480 268 2553 quihus
280 2479 404 2548 auspiciis
416 2479 509 2547 incipit
521 2497 617 2542 annus,
633 2487 684 2536 eat.

273 2722 314 2775 IN
334 2721 602 2778 EPIPHANIAM.

68 2847 120 2898 lre
132 2846 241 2899 domurn
252 2847 382 2917 reduces,
397 2859 424 2908 et
438 2852 547 2927 gaudis
558 2852 647 2911 dieite
657 2857 778 2909 uestras

92 2940 192 2996 Omine
202 2943 334 3007 intentes
348 2953 457 3014 sideris
472 2958 524 3024 ite,
540 2956 637 3031 magi.
