1830 3216
372 600 611 656 FANATICUS.

92 817 270 869 Consosunru
284 819 400 885 primum
413 819 547 871 tremulus
559 834 622 870 eum
636 817 743 885 pulpita
755 817 845 878 frater,

92 913 151 965 Stat
164 914 270 976 tacitus,
286 915 458 983 multumque
470 931 588 976 soreans,
604 919 634 966 ut
647 913 724 967 vocis
736 922 859 984 apertum

92 1009 195 1062 Pandat
208 1011 267 1072 iter,
282 1011 411 1078 geminas,
427 1011 522 1078 positis
535 1026 620 1079 prope
632 1010 841 1080 dactylotheois‚

92 1106 136 1158 Ad
149 1106 244 1158 ooelum
257 1106 356 1159 attollit
368 1107 468 1174 palmas
479 1129 486 1166 ;
507 1114 566 1160 tum
578 1105 681 1158 lumina
693 1106 827 1160 claudens

90 1201 144 1253 Dat
153 1202 293 1270 gemitum,
309 1219 457 1272 secumque
470 1203 517 1256 diu
529 1204 735 1257 submurmurat
747 1203 831 1256 intus.

90 1295 150 1349 Vox
162 1298 271 1350 taudem
285 1300 415 1367 erumpit,
436 1300 535 1352 deinde
545 1300 635 1359 altera,
649 1306 676 1351 et
685 1298 773 1352 altera
782 1298 888 1353 deinde:

91 1394 129 1446 At
141 1395 216 1447 lento
229 1411 317 1463 passu,
329 1397 432 1464 gemitu
445 1397 519 1464 prius
529 1396 679 1464 interjecto.

91 1488 157 1541 Mox
169 1491 273 1543 animos
286 1492 387 1544 sensim
400 1509 538 1553 revocans,
551 1491 722 1560 residemque
733 1491 862 1552 furorem.

89 1583 150 1638 Vim
164 1587 242 1639 dictis
252 1587 381 1654 paulatim
394 1588 484 1647 addit;
501 1588 558 1656 jam
571 1587 685 1649 subsilit,
701 1588 798 1656 etjam

90 1681 169 1734 Stans
182 1683 250 1751 pede
263 1700 404 1751 suspenso,
420 1690 507 1736 tentat
521 1684 586 1751 quid
599 1683 683 1751 possit
692 1684 788 1737 anheli

89 1778 238 1839 Pulmonis,
253 1780 424 1848 laterumque
433 1781 525 1834 labora
545 1797 593 1848 per
607 1787 730 1848 tempora
743 1781 808 1835 rivis

90 1875 114 1926 lt
127 1875 214 1926 salsus
227 1877 323 1938 sudor;
344 1878 454 1931 tandem
465 1878 580 1931 fanatica
592 1877 678 1946 surgit

89 1970 257 2039 Tempestas,
272 1978 398 2041 totasque
410 1973 496 2041 quatit
509 1973 671 2026 clamoribus
683 1973 764 2027 aedes.

124 2067 206 2120 Haud
217 2069 294 2122 aliter
306 2068 362 2121 leni
373 2075 502 2121 nutantes
513 2069 622 2121 flamine
634 2084 723 2131 ramos

89 2162 237 2231 insurgens
249 2164 331 2231 agitat
342 2164 450 2224 Boreas
466 2164 650 2232 tremulasque
659 2172 784 2217 susurrat

89 2258 140 2311 Per
149 2260 275 2320 frondes;
296 2275 360 2312 mox
370 2261 482 2312 buccam
493 2267 636 2328 utramque
645 2260 794 2315 animosior
806 2261 880 2319 inflat,

86 2355 123 2407 Et
137 2356 238 2408 validos
251 2362 359 2423 quassat
372 2355 444 2408 celso
458 2372 519 2408 oum
535 2357 636 2408 vertice
646 2363 776 2410 truncos:

87 2452 160 2514 Post,
176 2453 223 2505 ubi
234 2453 353 2505 colleotae
365 2453 443 2514 vires,
458 2453 597 2520 majorque
610 2453 747 2507 tumultus

87 2547 138 2600 Per
151 2556 236 2601 totam
246 2549 355 2602 auditur
367 2550 479 2619 sylvam,
495 2551 527 2602 ab
541 2549 675 2602 radicibus
685 2550 746 2602 imis

87 2643 188 2696 Sternit
200 2644 276 2696 humi
288 2645 411 2713 antiquas
422 2660 547 2712 quereus,
558 2645 732 2713 rapidamque
743 2644 876 2713 procellam

71 2742 93 2791 Α
97 2743 242 2811 gglorrrera
247 2753 265 2808 t,
284 2745 394 2815 lataque
408 2743 505 2811 implet
518 2758 619 2794 nemus
631 2757 713 2791 omne
721 2743 810 2791 xxixna.
