1830 3216
404 100 508 136 VOTUM.

47 233 135 289 Liber
145 241 174 288 et
186 234 320 296 immunis,
335 235 416 288 nullis
429 233 445 288 ὲ
456 236 576 303 partibus
588 237 701 298 adstem,

86 331 114 384 N
117 348 149 384 eo
161 331 253 401 legum
264 331 393 384 adversus
406 330 459 383 vim
472 331 641 400 fluviumque
654 339 762 391 natem;

50 428 129 490 Quid
159 427 261 496 loquer,
287 434 335 480 aut
360 428 480 490 scribam,
503 435 655 497 cautusque
678 437 705 481 et
727 429 855 496 providus

87 525 133 578 Ire
146 524 232 578 sinam
245 525 320 592 regni
333 541 384 584 res.
400 525 475 577 velut
487 525 530 577 ire*
539 525 645 578 volunt.
737 527 852 592 [aneton

49 623 144 692 AEquo
157 622 277 675 animum
290 622 411 690 imperio,
427 629 478 675 eto.

50 815 97 878 Di,
113 831 184 884 quos
197 807 338 882 imperium
351 830 436 882 penes
449 822 499 876 est,
515 830 664 883 rerumque
676 822 802 883 potestas,

88 912 195 981 Regna,
210 912 307 980 quibus
320 913 408 964 visum
421 919 471 972 est,
488 912 561 973 dent,
577 912 751 980 adimuntque
763 913 832 965 data.

54 1009 218 1078 Impositum
231 1009 311 1077 capiti
323 1009 426 1062 solvam
439 1026 494 1062 non
509 1009 619 1062 invidus
631 1026 726 1072 assem,

90 1107 155 1160 Una
166 1105 231 1159 licet
243 1106 339 1159 tubulo
352 1123 407 1160 nox
420 1107 576 1176 cyathoque
589 1114 670 1159 caret.

55 1203 145 1271 AEquo
158 1201 279 1254 animum
291 1201 410 1269 imperio,
427 1209 478 1254 etc.

58 1397 166 1450 Solvam
180 1411 239 1465 ege,
253 1412 305 1448 neo
317 1396 447 1464 querulus
462 1404 556 1450 eontra
569 1399 703 1460 mussnbo,
720 1399 821 1452 tributa

92 1493 122 1547 si
130 1500 245 1562 poscant
257 1509 364 1545 menses
377 1492 613 1561 hebdomadesque
626 1510 712 1555 nova3

60 1589 114 1644 Cur
126 1590 229 1644 etenim
242 1591 400 1643 obmussans
413 1590 509 1643 duram
522 1592 675 1644 vocitavero
688 1592 784 1660 legem,

10 1718 12 1725 ·
93 1688 166 1742 Cum
177 1687 256 1741 fundi
268 1688 374 1741 solvant
386 1688 424 1740 nil
437 1688 490 1741 mei
503 1688 531 1740 in
546 1688 666 1756 Utopia?

59 1785 148 1854 AEquo
160 1784 281 1837 animum
294 1783 414 1851 imperio,
431 1790 482 1836 etc.

10 1966 15 1987 '
61 1970 123 2024 Non
136 1976 201 2039 peto
215 1970 336 2030 divitiam
358 1987 408 2022 nec
422 1970 472 2022 sim
485 1977 538 2022 tam
552 1970 662 2023 sordide
675 1987 785 2039 egenum

10 2076 12 2081 '
94 2068 219 2120 Nauseet
232 2073 262 2118 ut
275 2065 350 2119 dives
363 2072 435 2118 tecta
446 2066 536 2118 subire
549 2082 625 2118 mea:

62 2162 136 2226 Quin
145 2179 254 2216 mecum
265 2162 382 2215 historiis
395 2162 428 2214 ad
438 2162 543 2230 largum
557 2161 674 2214 circulus
687 2163 775 2230 ignem

10 2300 12 2305 -
95 2260 230 2328 Decipere
243 2259 370 2329 hybernae
383 2258 459 2311 taedia
472 2259 560 2311 noctis
572 2266 652 2311 amet.

59 2357 151 2426 AEquo
163 2355 283 2409 animum
297 2354 417 2423 imperio,
433 2360 483 2407 etc.

89 2508 103 2533 ¹
121 2501 144 2548 A
155 2498 274 2564 poll-bill.

90 2591 101 2626 r
119 2583 142 2631 Α
153 2581 219 2646 good
231 2589 438 2642 encourugement
451 2590 475 2629 to
487 2597 534 2645 pay
547 2582 584 2629 for
596 2581 634 2628 his
645 2580 715 2628 head.

89 2669 101 2695 ⁸
118 2663 223 2728 Apiuoe
234 2662 261 2710 in
273 2661 381 2726 Jupiter,
393 2678 421 2709 or
432 2661 473 2710 the
486 2678 570 2718 moon,
583 2678 610 2709 or
622 2676 688 2709 some
701 2661 771 2709 other
783 2661 811 2708 oi
820 2663 860 2710 the

58 2730 172 2796 planetu
190 2728 228 2776 ior
239 2726 259 2776 it
270 2727 292 2776 is
303 2736 347 2775 not
359 2736 384 2775 to
395 2727 425 2774 be
437 2727 513 2776 found
529 2729 555 2802 in
569 2728 609 2775 the
621 2742 677 2790 nrap
688 2727 767 2774 nithe
778 2727 867 2775 nonu.

90 2819 103 2846 ⁸
117 2810 399 2873 -Pauperernque
410 2810 481 2860 dives

117 2875 237 2936 Mepetr't.
355 2943 360 2952 1
746 2876 835 2925 rion-

93 2941 397 3051 mmnnfflr
765 3011 870 3059 nn.
