1830 3216
76 102 125 151 134
329 117 365 151 nn
385 114 511 152 uavroarr
529 114 609 151 ooor.

76 253 131 306 Seu
145 260 172 306 te
185 262 344 322 praesentem
353 256 437 318 vicus,
452 272 502 308 seu
512 255 628 318 viculus,
641 255 732 317 audit余

111 349 284 404 Nocturnum
293 351 381 405 multo
394 351 511 405 carmine
524 350 594 405 fallis
606 351 669 405 iter.

76 444 150 506 Quid
163 445 185 499 si
198 447 271 500 culta
279 447 378 510 minus,
393 448 474 501 docta
486 454 564 501 vacet
575 454 636 501 arte
648 446 746 515 podsis,

111 542 139 595 si
151 543 264 611 simplex
277 561 373 598 versus
386 545 429 606 sit,
442 543 605 612 numerique
614 544 714 604 rudes余

75 637 205 692 Invidiam
218 656 330 695 somnus
344 642 431 708 (tanta
443 640 613 709 indulgentia
628 640 732 709 noctis)

110 733 261 802 Opprimit余
282 743 310 789 et
321 735 398 798 livor,
413 744 441 790 te
454 735 593 796 recitante,
606 734 677 790 silet.

74 829 206 882 Divorum
220 829 335 900 hyberni
348 849 455 886 menses
468 841 645 902 quotcunque
658 832 797 891 celebrant,

110 925 216 996 Cuique
227 927 318 981 locum
332 936 359 982 et
372 946 480 983 versum
494 930 540 983 dat
553 937 601 983 tua
613 946 693 983 musa
704 944 796 982 suum:

74 1021 198 1090 Crispino
210 1031 274 1076 ante
287 1040 398 1085 omnes余
418 1024 598 1094 nequeenim
620 1025 682 1079 sine
701 1020 832 1079 carminat

143 1128 184 1175 est

110 1217 208 1271 Nobile
220 1225 345 1272 sutorum
358 1219 516 1286 praeteriisse
527 1219 621 1272 decus.

74 1313 133 1366 Nec
145 1321 193 1367 tua
204 1321 232 1369 te
244 1315 329 1383 pietas
341 1314 400 1368 fieri
411 1315 562 1385 permiserit
574 1331 696 1384 unquam

109 1411 223 1465 Caesaris
235 1412 420 1465 immemorem
435 1411 617 1481 Gaesareaeque
630 1412 736 1466 domus.

74 1505 169 1560 Officio
182 1507 306 1561 dominos
317 1507 405 1560 multo
418 1508 594 1576 dominasque
602 1507 720 1568 salutm

109 1601 202 1656 Gratia
214 1619 265 1655 nec
278 1602 337 1655 fldae
348 1603 499 1657 sedulitatis
510 1604 594 1658 abest.

74 1698 162 1752 Multa
173 1701 274 1753 docens
282 1699 408 1768 juvenes,
424 1707 451 1754 et
463 1700 588 1769 pulchras
600 1700 688 1754 multa
696 1699 802 1770 puellas,

108 1795 182 1850 Utile
194 1804 225 1850 tu
238 1797 329 1866 pueris
341 1796 544 1867 virginibusque
556 1799 645 1853 canis:

73 1892 237 1962 Conjugium
249 1893 315 1948 felix
327 1893 436 1947 monitis
448 1894 589 1948 utentibus
597 1901 683 1963 optas,

108 1988 268 2058 Cunctaque
280 2006 339 2058 quae
351 1997 441 2043 castus
452 1990 550 2059 gaudia
560 1989 649 2044 lectus
660 1990 750 2044 habet.

73 2085 117 2139 Tu
126 2086 244 2139 monitor
256 2086 362 2141 famulis
374 2103 457 2141 sexus
470 2086 612 2156 utriusque
624 2088 767 2157 benignus.

108 2184 255 2237 Munditias
268 2184 319 2238 illis
331 2184 459 2253 praecipis,
474 2183 549 2238 hisce
560 2183 651 2237 fidem.

72 2280 206 2334 Omnibus
218 2287 246 2334 at
258 2280 328 2334 votis
340 2280 393 2334 hoc
405 2297 467 2334 oras
478 2286 560 2348 atque
571 2294 690 2348 peroras,

107 2377 146 2429 Ut
158 2376 273 2430 dominis
286 2378 383 2431 cedant
395 2392 522 2445 prospera
534 2392 648 2445 queque
662 2375 726 2430 tuis.

72 2472 165 2525 Unum
178 2471 230 2524 hoc
242 2487 295 2539 pra
307 2471 413 2525 cunctis
426 2470 580 2524 meminisse
592 2470 716 2533 hortaris,
731 2477 763 2524 ut
774 2468 830 2523 imis

107 2569 218 2621 Summa
230 2567 310 2620 etiam
323 2573 446 2636 exaequet
457 2565 551 2619 mortis
563 2565 649 2619 amica
661 2582 767 2620 manus.

73 2664 145 2726 Quid
159 2664 207 2718 tibi
219 2680 268 2731 pro
281 2663 395 2717 totidem
409 2662 511 2716 meritis
523 2661 684 2731 speremus?
701 2663 787 2716 amori

109 2762 211 2823 Quisve
224 2769 272 2814 tuo
285 2761 392 2830 aqualis
405 2760 568 2814 retribuatur
579 2759 675 2814 amor?

69 2860 166 2930 Tuque
178 2867 302 2932 tuusque
314 2860 390 2916 canis
402 2859 426 2914 si
439 2875 491 2912 nos
501 2858 607 2918 visetis,
617 2865 736 2923 uterque

85 2958 169 3015 Grati
181 2960 263 3017 eritis
278 2962 374 3027 nobis,
391 2966 485 3031 tuque
496 2964 623 3020 tuusque
634 2949 721 3002 oanis.
