1748 3216
59 115 111 164 2³8
369 126 444 162 ouon
463 124 554 162 unctu.

62 268 162 322 Omnia
173 267 263 320 mirari
275 283 403 336 presens,
419 268 586 337 crinemque,
602 269 786 340 coloremque,

97 363 134 416 Et
146 363 242 416 molles
255 363 356 424 oculos,
371 378 576 431 purpureasque
593 380 689 432 genus.

64 460 153 521 Quum
178 459 248 512 belle
270 459 327 512 hoec
352 459 457 512 macule
478 465 527 521 est,
554 459 656 514 levum
682 478 743 531 que
763 469 789 516 si

133 553 271 609 ocelluml

99 652 138 706 Ut
150 668 264 706 veneres
276 652 395 720 geminat
407 651 502 705 lunula
513 651 577 705 bina
589 658 651 706 tues
663 651 671 706 l

28 822 30 827 Ι
65 751 154 811 Quam
167 751 236 802 bene
248 749 345 802 nntivoe
357 749 522 816 respondent
534 748 627 802 omnia
638 749 751 804 formul

100 845 139 899 Ut
151 845 277 914 gracilem
290 852 413 898 attenuat
425 861 494 898 zona
507 845 622 898 reducta
634 845 744 901 sinuml

65 943 125 997 Nec
138 942 237 996 desunt
249 942 313 995 huic
326 943 456 1011 obsequio
469 959 518 995 sue
531 958 665 1004 munem
687 951 787 1013 quante

102 1036 155 1090 Pro
169 1037 265 1091 merito
277 1037 316 1090 las
330 1044 371 1090 est
383 1053 487 1105 proque
499 1037 591 1090 valore
604 1037 671 1090 dari.

65 1130 192 1186 Fasciolis
207 1131 314 1194 Phoebe,
331 1131 430 1185 Phoebe
443 1132 542 1185 donate
552 1131 678 1194 lacernis,

102 1227 139 1280 Et
151 1228 247 1296 placet,
263 1234 291 1280 et
304 1227 398 1296 quanti
410 1226 444 1280 sit
457 1225 599 1294 placuisse,
615 1226 708 1280 docet.

339 1860 449 1915 ODOR
470 1859 600 1914 LUCRI.

70 2083 199 2139 Pnuuun
211 2086 245 2139 ud
258 2085 353 2140 turrim
367 2101 420 2154 qua
432 2085 528 2159 semita
540 2084 615 2138 ducit
627 2085 662 2138 ab
677 2085 744 2147 aede,

106 2181 214 2234 Nomen
228 2182 262 2235 de
277 2181 399 2234 Thamiai
410 2181 522 2234 flumine
534 2180 611 2233 vicus
624 2179 717 2234 habet.

70 2276 249 2346 Nequaquam
262 2276 339 2329 violis
351 2275 539 2344 conspergitur
552 2274 597 2327 ille
611 2274 745 2343 rosisque,

107 2373 217 2427 Nedum
230 2373 294 2435 olet,
310 2380 340 2426 ut
352 2373 441 2441 pictus
453 2372 564 2425 floribus
577 2369 676 2424 hortus
688 2371 755 2426 olet.

71 2468 130 2522 Nec
140 2468 212 2529 thus,
225 2483 276 2521 nec
284 2467 406 2527 nardum,
419 2482 470 2519 nec
480 2482 571 2518 aroma
579 2472 627 2519 aut
636 2466 789 2521 cinnumuv

108 2565 166 2617 Aut
178 2563 243 2616 felix
255 2562 382 2631 quicquid
395 2562 478 2614 mittit
491 2560 581 2615 odoris
597 2561 694 2623 Arabs,

72 2657 174 2711 Caseus
188 2656 302 2718 estillic,
319 2671 400 2724 quem
416 2654 520 2708 Cestria
532 2654 638 2722 pressit,
653 2656 776 2711 abundet

109 2753 230 2812 Multus;
252 2759 279 2805 et
291 2752 319 2805 id
331 2751 415 2805 sentis
428 2751 579 2805 olfaciendo
591 2751 696 2818 procul.

73 2846 158 2898 Millia
169 2846 332 2916 lychnorum
345 2846 466 2914 pendent
479 2863 513 2899 ex
527 2846 622 2899 ordine
634 2846 738 2908 multu

96 2944 190 3018 Inque
202 2945 280 3002 cedis
293 2961 372 3017 sepo,
385 2943 445 3014 pix,
460 2941 610 3006 oleumque
618 2938 722 3001 iucem.
