<?xml version="1.0" encoding="UTF-8"?>
<!DOCTYPE html PUBLIC "-//W3C//DTD XHTML 1.0 Transitional//EN"
    "http://www.w3.org/TR/xhtml1/DTD/xhtml1-transitional.dtd">
<html xmlns="http://www.w3.org/1999/xhtml" xml:lang="en" lang="en">
 <head>
  <title>
</title>
<meta http-equiv="Content-Type" content="text/html;charset=utf-8" />
  <meta name='ocr-system' content='tesseract 3.04.00' />
  <meta name='ocr-capabilities' content='ocr_page ocr_carea ocr_par ocr_line ocrx_word'/>
</head>
<body>
  <div class='ocr_page' id='page_1' title='image "./poeticalworksla00bourgoog_0234.png"; bbox 0 0 1830 3216; ppageno 0'>
   <div class='ocr_carea' id='block_1_1' title="bbox 263 123 816 177">
    <p class='ocr_par' dir='ltr' id='par_1_1' title="bbox 263 123 816 177">
     <span class='ocr_line' id='line_1_1' title="bbox 263 123 816 177; baseline 0.014 -13"><span class='ocrx_word' id='word_1_1' title='bbox 263 128 391 168; x_wconf 69' lang='lat' dir='ltr'><strong>nscnsnn</strong></span> <span class='ocrx_word' id='word_1_2' title='bbox 411 131 492 177; x_wconf 74' lang='lat' dir='ltr'><strong>noio,</strong></span> <span class='ocrx_word' id='word_1_3' title='bbox 507 133 566 170; x_wconf 76' lang='lat' dir='ltr'><strong>nnc.</strong></span> <span class='ocrx_word' id='word_1_4' title='bbox 764 123 816 172; x_wconf 74' lang='lat'><strong>215</strong></span> 
     </span>
    </p>
   </div>
   <div class='ocr_carea' id='block_1_2' title="bbox 10 270 711 613">
    <p class='ocr_par' dir='ltr' id='par_1_2' title="bbox 10 270 671 421">
     <span class='ocr_line' id='line_1_2' title="bbox 10 270 671 341; baseline 0.005 -18"><span class='ocrx_word' id='word_1_5' title='bbox 10 271 87 332; x_wconf 65' lang='lat' dir='ltr'><strong>Quin</strong></span> <span class='ocrx_word' id='word_1_6' title='bbox 98 270 180 323; x_wconf 87' lang='lat' dir='ltr'><strong>sociis</strong></span> <span class='ocrx_word' id='word_1_7' title='bbox 193 286 301 323; x_wconf 86' lang='lat' dir='ltr'><strong>mecum</strong></span> <span class='ocrx_word' id='word_1_8' title='bbox 314 270 401 324; x_wconf 88' lang='lat' dir='ltr'><strong>soedus</strong></span> <span class='ocrx_word' id='word_1_9' title='bbox 414 281 543 326; x_wconf 81' lang='lat' dir='ltr'><strong>renovate</strong></span> <span class='ocrx_word' id='word_1_10' title='bbox 554 274 671 341; x_wconf 82' lang='lat' dir='ltr'><strong>lagenis;</strong></span> 
     </span>
     <span class='ocr_line' id='line_1_3' title="bbox 43 364 603 421; baseline 0.005 -3"><span class='ocrx_word' id='word_1_11' title='bbox 43 364 135 418; x_wconf 81' lang='lat' dir='ltr'><strong>Laedit</strong></span> <span class='ocrx_word' id='word_1_12' title='bbox 148 365 220 418; x_wconf 91' lang='lat' dir='ltr'><strong>enim</strong></span> <span class='ocrx_word' id='word_1_13' title='bbox 233 372 304 419; x_wconf 82' lang='lat' dir='ltr'><strong>totas</strong></span> <span class='ocrx_word' id='word_1_14' title='bbox 316 365 348 419; x_wconf 89' lang='lat' dir='ltr'><strong>lis</strong></span> <span class='ocrx_word' id='word_1_15' title='bbox 361 366 469 420; x_wconf 82' lang='lat' dir='ltr'><strong>inimice</strong></span> <span class='ocrx_word' id='word_1_16' title='bbox 480 368 603 421; x_wconf 88' lang='lat' dir='ltr'><strong>domos.”</strong></span> 
     </span>
    </p>

    <p class='ocr_par' dir='ltr' id='par_1_3' title="bbox 10 461 711 613">
     <span class='ocr_line' id='line_1_4' title="bbox 10 461 711 531; baseline 0.007 -18"><span class='ocrx_word' id='word_1_17' title='bbox 10 463 103 516; x_wconf 80' lang='lat' dir='ltr'><strong>Nemo</strong></span> <span class='ocrx_word' id='word_1_18' title='bbox 118 461 201 528; x_wconf 81' lang='lat' dir='ltr'><strong>magis</strong></span> <span class='ocrx_word' id='word_1_19' title='bbox 213 477 330 528; x_wconf 83' lang='lat' dir='ltr'><strong>praesens</strong></span> <span class='ocrx_word' id='word_1_20' title='bbox 343 462 388 515; x_wconf 91' lang='lat' dir='ltr'><strong>illo</strong></span> <span class='ocrx_word' id='word_1_21' title='bbox 402 470 443 516; x_wconf 85' lang='lat' dir='ltr'><strong>est</strong></span> <span class='ocrx_word' id='word_1_22' title='bbox 457 480 621 531; x_wconf 86' lang='lat' dir='ltr'><strong>componere</strong></span> <span class='ocrx_word' id='word_1_23' title='bbox 633 465 694 518; x_wconf 81' lang='lat' dir='ltr'><strong>lites</strong></span> <span class='ocrx_word' id='word_1_24' title='bbox 705 487 711 524; x_wconf 89' lang='lat'><strong>;</strong></span> 
     </span>
     <span class='ocr_line' id='line_1_5' title="bbox 44 557 528 613; baseline 0.002 -1"><span class='ocrx_word' id='word_1_25' title='bbox 44 558 104 612; x_wconf 87' lang='lat' dir='ltr'><strong>Sed</strong></span> <span class='ocrx_word' id='word_1_26' title='bbox 117 558 218 610; x_wconf 91' lang='lat' dir='ltr'><strong>nebulo</strong></span> <span class='ocrx_word' id='word_1_27' title='bbox 230 558 314 610; x_wconf 90' lang='lat' dir='ltr'><strong>siccas</strong></span> <span class='ocrx_word' id='word_1_28' title='bbox 324 557 382 610; x_wconf 87' lang='lat' dir='ltr'><strong>odit</strong></span> <span class='ocrx_word' id='word_1_29' title='bbox 390 558 528 613; x_wconf 79' lang='lat' dir='ltr'><strong>amicitias.</strong></span> 
     </span>
    </p>
   </div>
   <div class='ocr_carea' id='block_1_3' title="bbox 83 1139 744 1336">
    <p class='ocr_par' dir='ltr' id='par_1_4' title="bbox 83 1139 744 1336">
     <span class='ocr_line' id='line_1_6' title="bbox 83 1139 744 1202; baseline 0 -7"><span class='ocrx_word' id='word_1_30' title='bbox 83 1141 278 1197; x_wconf 78' lang='lat' dir='ltr'><strong>REGNARE</strong></span> <span class='ocrx_word' id='word_1_31' title='bbox 300 1141 420 1202; x_wconf 74' lang='lat' dir='ltr'><strong>Nono,</strong></span> <span class='ocrx_word' id='word_1_32' title='bbox 443 1139 562 1194; x_wconf 85' lang='lat' dir='ltr'>LIBER</span> <span class='ocrx_word' id='word_1_33' title='bbox 583 1141 637 1194; x_wconf 84' lang='lat' dir='ltr'><strong>UT</strong></span> <span class='ocrx_word' id='word_1_34' title='bbox 659 1142 744 1195; x_wconf 93' lang='lat' dir='ltr'><strong>NON</strong></span> 
     </span>
     <span class='ocr_line' id='line_1_7' title="bbox 318 1281 509 1336; baseline -0.01 0"><span class='ocrx_word' id='word_1_35' title='bbox 318 1281 386 1336; x_wconf 90' lang='lat' dir='ltr'><strong>SIM</strong></span> <span class='ocrx_word' id='word_1_36' title='bbox 408 1281 509 1334; x_wconf 84' lang='lat' dir='ltr'><strong>MIHI.</strong></span> 
     </span>
    </p>
   </div>
   <div class='ocr_carea' id='block_1_4' title="bbox 10 1491 785 2808">
    <p class='ocr_par' dir='ltr' id='par_1_5' title="bbox 14 1491 760 1656">
     <span class='ocr_line' id='line_1_8' title="bbox 14 1491 760 1561; baseline -0.003 -15"><span class='ocrx_word' id='word_1_37' title='bbox 14 1493 84 1546; x_wconf 76' lang='lat' dir='ltr'><strong>lans</strong></span> <span class='ocrx_word' id='word_1_38' title='bbox 97 1507 149 1560; x_wconf 87' lang='lat' dir='ltr'><strong>ego</strong></span> <span class='ocrx_word' id='word_1_39' title='bbox 163 1491 232 1559; x_wconf 82' lang='lat' dir='ltr'><strong>(baec</strong></span> <span class='ocrx_word' id='word_1_40' title='bbox 244 1509 350 1545; x_wconf 86' lang='lat' dir='ltr'><strong>musam</strong></span> <span class='ocrx_word' id='word_1_41' title='bbox 362 1492 475 1546; x_wconf 90' lang='lat' dir='ltr'><strong>memini</strong></span> <span class='ocrx_word' id='word_1_42' title='bbox 486 1492 616 1545; x_wconf 83' lang='lat' dir='ltr'><strong>cecinisse</strong></span> <span class='ocrx_word' id='word_1_43' title='bbox 625 1491 760 1561; x_wconf 85' lang='lat' dir='ltr'><strong>jocosam)</strong></span> 
     </span>
     <span class='ocr_line' id='line_1_9' title="bbox 47 1588 653 1656; baseline -0.002 -14"><span class='ocrx_word' id='word_1_44' title='bbox 47 1589 165 1656; x_wconf 82' lang='lat' dir='ltr'>Pauper,</span> <span class='ocrx_word' id='word_1_45' title='bbox 181 1595 208 1642; x_wconf 83' lang='lat' dir='ltr'><strong>et</strong></span> <span class='ocrx_word' id='word_1_46' title='bbox 218 1607 234 1641; x_wconf 83' lang='lat' dir='ltr'><strong>a</strong></span> <span class='ocrx_word' id='word_1_47' title='bbox 246 1589 323 1642; x_wconf 92' lang='lat' dir='ltr'><strong>cunis</strong></span> <span class='ocrx_word' id='word_1_48' title='bbox 333 1589 509 1642; x_wconf 84' lang='lat' dir='ltr'><strong>claudus-et</strong></span> <span class='ocrx_word' id='word_1_49' title='bbox 524 1588 584 1642; x_wconf 83' lang='lat' dir='ltr'><strong>irus</strong></span> <span class='ocrx_word' id='word_1_50' title='bbox 597 1605 653 1642; x_wconf 84' lang='lat' dir='ltr'><strong>ero.</strong></span> 
     </span>
    </p>

    <p class='ocr_par' dir='ltr' id='par_1_6' title="bbox 10 1684 678 1848">
     <span class='ocr_line' id='line_1_10' title="bbox 10 1684 678 1753; baseline 0 -15"><span class='ocrx_word' id='word_1_51' title='bbox 10 1685 62 1739; x_wconf 80' lang='lat' dir='ltr'><strong>Est</strong></span> <span class='ocrx_word' id='word_1_52' title='bbox 76 1685 143 1738; x_wconf 91' lang='lat' dir='ltr'><strong>mihi</strong></span> <span class='ocrx_word' id='word_1_53' title='bbox 154 1685 253 1738; x_wconf 83' lang='lat' dir='ltr'><strong>tibicen</strong></span> <span class='ocrx_word' id='word_1_54' title='bbox 266 1685 379 1753; x_wconf 87' lang='lat' dir='ltr'><strong>lignum,</strong></span> <span class='ocrx_word' id='word_1_55' title='bbox 396 1684 469 1752; x_wconf 92' lang='lat' dir='ltr'>quod</span> <span class='ocrx_word' id='word_1_56' title='bbox 482 1686 567 1738; x_wconf 84' lang='lat' dir='ltr'><strong>cruris</strong></span> <span class='ocrx_word' id='word_1_57' title='bbox 580 1684 678 1752; x_wconf 91' lang='lat' dir='ltr'><strong>iniquis</strong></span> 
     </span>
     <span class='ocr_line' id='line_1_11' title="bbox 47 1780 663 1848; baseline -0.003 -13"><span class='ocrx_word' id='word_1_58' title='bbox 47 1781 205 1842; x_wconf 84' lang='lat' dir='ltr'><strong>Gressibus‚</strong></span> <span class='ocrx_word' id='word_1_59' title='bbox 220 1780 337 1833; x_wconf 88' lang='lat' dir='ltr'><strong>officium</strong></span> <span class='ocrx_word' id='word_1_60' title='bbox 350 1787 520 1848; x_wconf 71' lang='lat' dir='ltr'><strong>praestan-et</strong></span> <span class='ocrx_word' id='word_1_61' title='bbox 534 1781 595 1834; x_wconf 87' lang='lat' dir='ltr'><strong>Irus</strong></span> <span class='ocrx_word' id='word_1_62' title='bbox 608 1797 663 1834; x_wconf 86' lang='lat' dir='ltr'><strong>ero.</strong></span> 
     </span>
    </p>

    <p class='ocr_par' dir='ltr' id='par_1_7' title="bbox 11 1876 717 2039">
     <span class='ocr_line' id='line_1_12' title="bbox 11 1876 717 1944; baseline -0.003 -13"><span class='ocrx_word' id='word_1_63' title='bbox 11 1878 58 1931; x_wconf 80' lang='lat' dir='ltr'><strong>Ad</strong></span> <span class='ocrx_word' id='word_1_64' title='bbox 70 1877 143 1929; x_wconf 80' lang='lat' dir='ltr'><strong>latus</strong></span> <span class='ocrx_word' id='word_1_65' title='bbox 155 1876 300 1944; x_wconf 82' lang='lat' dir='ltr'><strong>ampullam</strong></span> <span class='ocrx_word' id='word_1_66' title='bbox 312 1883 398 1943; x_wconf 86' lang='lat' dir='ltr'><strong>gesto,</strong></span> <span class='ocrx_word' id='word_1_67' title='bbox 414 1876 462 1929; x_wconf 88' lang='lat' dir='ltr'><strong>sed</strong></span> <span class='ocrx_word' id='word_1_68' title='bbox 474 1892 529 1928; x_wconf 90' lang='lat' dir='ltr'><strong>non</strong></span> <span class='ocrx_word' id='word_1_69' title='bbox 541 1876 578 1929; x_wconf 82' lang='lat' dir='ltr'><strong>ita</strong></span> <span class='ocrx_word' id='word_1_70' title='bbox 590 1893 717 1944; x_wconf 80' lang='lat' dir='ltr'><strong>magnam</strong></span> 
     </span>
     <span class='ocr_line' id='line_1_13' title="bbox 48 1971 671 2039; baseline 0 -15"><span class='ocrx_word' id='word_1_71' title='bbox 48 1972 132 2025; x_wconf 85' lang='lat' dir='ltr'><strong>Unde</strong></span> <span class='ocrx_word' id='word_1_72' title='bbox 143 1971 240 2033; x_wconf 86' lang='lat' dir='ltr'><strong>bibam,</strong></span> <span class='ocrx_word' id='word_1_73' title='bbox 255 1972 364 2039; x_wconf 85' lang='lat' dir='ltr'><strong>quando</strong></span> <span class='ocrx_word' id='word_1_74' title='bbox 376 1971 528 2025; x_wconf 84' lang='lat' dir='ltr'><strong>siccus-et</strong></span> <span class='ocrx_word' id='word_1_75' title='bbox 542 1971 603 2025; x_wconf 85' lang='lat' dir='ltr'><strong>lrus</strong></span> <span class='ocrx_word' id='word_1_76' title='bbox 615 1989 671 2025; x_wconf 88' lang='lat' dir='ltr'><strong>ero.</strong></span> 
     </span>
    </p>

    <p class='ocr_par' dir='ltr' id='par_1_8' title="bbox 11 2068 708 2238">
     <span class='ocr_line' id='line_1_14' title="bbox 11 2068 693 2136; baseline 0.003 -14"><span class='ocrx_word' id='word_1_77' title='bbox 11 2069 83 2123; x_wconf 83' lang='lat' dir='ltr'><strong>Pera</strong></span> <span class='ocrx_word' id='word_1_78' title='bbox 96 2068 161 2121; x_wconf 91' lang='lat' dir='ltr'><strong>mibi</strong></span> <span class='ocrx_word' id='word_1_79' title='bbox 172 2069 274 2136; x_wconf 81' lang='lat' dir='ltr'>pendet</span> <span class='ocrx_word' id='word_1_80' title='bbox 286 2069 403 2136; x_wconf 83' lang='lat' dir='ltr'><strong>duplex;</strong></span> <span class='ocrx_word' id='word_1_81' title='bbox 424 2069 486 2122; x_wconf 81' lang='lat' dir='ltr'><strong>salis</strong></span> <span class='ocrx_word' id='word_1_82' title='bbox 497 2069 582 2123; x_wconf 82' lang='lat' dir='ltr'><strong>altera</strong></span> <span class='ocrx_word' id='word_1_83' title='bbox 593 2073 693 2133; x_wconf 83' lang='lat' dir='ltr'><strong>custos,</strong></span> 
     </span>
     <span class='ocr_line' id='line_1_15' title="bbox 50 2164 708 2238; baseline 0 -20"><span class='ocrx_word' id='word_1_84' title='bbox 50 2165 153 2225; x_wconf 79' lang='lat' dir='ltr'><strong>Altera,</strong></span> <span class='ocrx_word' id='word_1_85' title='bbox 168 2180 229 2232; x_wconf 80' lang='lat' dir='ltr'><strong>quae</strong></span> <span class='ocrx_word' id='word_1_86' title='bbox 240 2179 337 2232; x_wconf 88' lang='lat' dir='ltr'><strong>panem</strong></span> <span class='ocrx_word' id='word_1_87' title='bbox 350 2171 503 2218; x_wconf 82' lang='lat' dir='ltr'><strong>servat-..et</strong></span> <span class='ocrx_word' id='word_1_88' title='bbox 517 2164 578 2218; x_wconf 85' lang='lat' dir='ltr'><strong>Irus</strong></span> <span class='ocrx_word' id='word_1_89' title='bbox 591 2181 646 2218; x_wconf 84' lang='lat' dir='ltr'><strong>ero.</strong></span> <span class='ocrx_word' id='word_1_90' title='bbox 705 2230 708 2238; x_wconf 32' lang='grc' dir='ltr'>Ι</span> 
     </span>
    </p>

    <p class='ocr_par' dir='ltr' id='par_1_9' title="bbox 13 2259 785 2418">
     <span class='ocr_line' id='line_1_16' title="bbox 13 2259 785 2331; baseline 0 -17"><span class='ocrx_word' id='word_1_91' title='bbox 13 2262 110 2329; x_wconf 84' lang='lat' dir='ltr'><strong>Longa</strong></span> <span class='ocrx_word' id='word_1_92' title='bbox 121 2259 189 2312; x_wconf 89' lang='lat' dir='ltr'><strong>mihi</strong></span> <span class='ocrx_word' id='word_1_93' title='bbox 197 2260 290 2312; x_wconf 81' lang='lat' dir='ltr'><strong>tunica</strong></span> <span class='ocrx_word' id='word_1_94' title='bbox 302 2267 351 2321; x_wconf 82' lang='lat' dir='ltr'><strong>est,</strong></span> <span class='ocrx_word' id='word_1_95' title='bbox 367 2268 395 2312; x_wconf 91' lang='lat' dir='ltr'><strong>et</strong></span> <span class='ocrx_word' id='word_1_96' title='bbox 407 2261 503 2326; x_wconf 80' lang='lat' dir='ltr'><strong>pannis</strong></span> <span class='ocrx_word' id='word_1_97' title='bbox 515 2262 617 2323; x_wconf 85' lang='lat' dir='ltr'><strong>obsita;</strong></span> <span class='ocrx_word' id='word_1_98' title='bbox 638 2265 785 2331; x_wconf 83' lang='lat' dir='ltr'><strong>nympham</strong></span> 
     </span>
     <span class='ocr_line' id='line_1_17' title="bbox 50 2356 664 2418; baseline 0.002 -8"><span class='ocrx_word' id='word_1_99' title='bbox 50 2358 119 2418; x_wconf 84' lang='lat' dir='ltr'><strong>Quae</strong></span> <span class='ocrx_word' id='word_1_100' title='bbox 131 2363 223 2410; x_wconf 82' lang='lat' dir='ltr'><strong>tamen</strong></span> <span class='ocrx_word' id='word_1_101' title='bbox 236 2356 372 2410; x_wconf 84' lang='lat' dir='ltr'><strong>interdurn</strong></span> <span class='ocrx_word' id='word_1_102' title='bbox 387 2357 521 2410; x_wconf 76' lang='lat' dir='ltr'><strong>celet-et</strong></span> <span class='ocrx_word' id='word_1_103' title='bbox 535 2358 596 2412; x_wconf 85' lang='lat' dir='ltr'><strong>Irus</strong></span> <span class='ocrx_word' id='word_1_104' title='bbox 609 2375 664 2411; x_wconf 84' lang='lat' dir='ltr'><strong>erc.</strong></span> 
     </span>
    </p>

    <p class='ocr_par' dir='ltr' id='par_1_10' title="bbox 14 2451 731 2604">
     <span class='ocr_line' id='line_1_18' title="bbox 14 2451 731 2523; baseline 0 -15"><span class='ocrx_word' id='word_1_105' title='bbox 14 2453 121 2508; x_wconf 88' lang='lat' dir='ltr'><strong>Insidiis</strong></span> <span class='ocrx_word' id='word_1_106' title='bbox 134 2451 230 2520; x_wconf 84' lang='lat' dir='ltr'><strong>procul</strong></span> <span class='ocrx_word' id='word_1_107' title='bbox 240 2459 323 2520; x_wconf 83' lang='lat' dir='ltr'><strong>atque</strong></span> <span class='ocrx_word' id='word_1_108' title='bbox 335 2458 419 2514; x_wconf 86' lang='lat' dir='ltr'><strong>metu,</strong></span> <span class='ocrx_word' id='word_1_109' title='bbox 435 2453 618 2523; x_wconf 91' lang='lat' dir='ltr'><strong>immunisque</strong></span> <span class='ocrx_word' id='word_1_110' title='bbox 631 2455 731 2522; x_wconf 87' lang='lat' dir='ltr'><strong>pericli,</strong></span> 
     </span>
     <span class='ocr_line' id='line_1_19' title="bbox 48 2549 530 2604; baseline -0.004 0"><span class='ocrx_word' id='word_1_111' title='bbox 48 2551 82 2604; x_wconf 86' lang='lat' dir='ltr'><strong>In</strong></span> <span class='ocrx_word' id='word_1_112' title='bbox 94 2549 163 2604; x_wconf 88' lang='lat' dir='ltr'><strong>cella</strong></span> <span class='ocrx_word' id='word_1_113' title='bbox 174 2550 236 2602; x_wconf 86' lang='lat' dir='ltr'><strong>vivo</strong></span> <span class='ocrx_word' id='word_1_114' title='bbox 249 2557 390 2603; x_wconf 82' lang='lat' dir='ltr'><strong>tutus-et</strong></span> <span class='ocrx_word' id='word_1_115' title='bbox 403 2550 463 2604; x_wconf 84' lang='lat' dir='ltr'><strong>irus</strong></span> <span class='ocrx_word' id='word_1_116' title='bbox 475 2567 530 2604; x_wconf 85' lang='lat' dir='ltr'><strong>erc.</strong></span> 
     </span>
    </p>

    <p class='ocr_par' dir='ltr' id='par_1_11' title="bbox 15 2644 651 2808">
     <span class='ocr_line' id='line_1_20' title="bbox 15 2644 625 2713; baseline 0 -14"><span class='ocrx_word' id='word_1_117' title='bbox 15 2646 145 2700; x_wconf 82' lang='lat' dir='ltr'><strong>invidiam</strong></span> <span class='ocrx_word' id='word_1_118' title='bbox 157 2660 246 2712; x_wconf 86' lang='lat' dir='ltr'><strong>snpra,</strong></span> <span class='ocrx_word' id='word_1_119' title='bbox 262 2644 427 2713; x_wconf 87' lang='lat' dir='ltr'><strong>dominoque</strong></span> <span class='ocrx_word' id='word_1_120' title='bbox 435 2647 538 2698; x_wconf 85' lang='lat' dir='ltr'><strong>beatior</strong></span> <span class='ocrx_word' id='word_1_121' title='bbox 550 2649 625 2700; x_wconf 90' lang='lat' dir='ltr'><strong>omni</strong></span> 
     </span>
     <span class='ocr_line' id='line_1_21' title="bbox 48 2740 651 2808; baseline -0.002 -13"><span class='ocrx_word' id='word_1_122' title='bbox 48 2741 110 2795; x_wconf 86' lang='lat' dir='ltr'><strong>Irus</strong></span> <span class='ocrx_word' id='word_1_123' title='bbox 123 2756 183 2808; x_wconf 83' lang='lat' dir='ltr'><strong>ego,</strong></span> <span class='ocrx_word' id='word_1_124' title='bbox 199 2746 226 2792; x_wconf 84' lang='lat' dir='ltr'><strong>et</strong></span> <span class='ocrx_word' id='word_1_125' title='bbox 240 2740 355 2808; x_wconf 85' lang='lat' dir='ltr'><strong>(regnet,</strong></span> <span class='ocrx_word' id='word_1_126' title='bbox 371 2741 418 2808; x_wconf 91' lang='lat' dir='ltr'><strong>qui</strong></span> <span class='ocrx_word' id='word_1_127' title='bbox 431 2742 507 2808; x_wconf 87' lang='lat' dir='ltr'><strong>velit)</strong></span> <span class='ocrx_word' id='word_1_128' title='bbox 523 2741 583 2795; x_wconf 88' lang='lat' dir='ltr'><strong>Irus</strong></span> <span class='ocrx_word' id='word_1_129' title='bbox 597 2760 651 2796; x_wconf 83' lang='lat' dir='ltr'><strong>ero.</strong></span> 
     </span>
    </p>
   </div>
   <div class='ocr_carea' id='block_1_5' title="bbox 0 0 936 3216">
    <p class='ocr_par' dir='ltr' id='par_1_12' title="bbox 0 0 936 3216">
     <span class='ocr_line' id='line_1_22' title="bbox 0 0 936 3216; baseline 0 0"><span class='ocrx_word' id='word_1_130' title='bbox 0 0 936 3216; x_wconf 95' lang='lat' dir='ltr'><strong> </strong></span> 
     </span>
    </p>
   </div>
  </div>
 </body>
</html>
