1830 3216
340 79 573 169 nsnnnnnon
802 115 850 166 ror

51 275 204 345 Angelicus
218 275 321 328 circum
333 275 430 343 plausu
443 274 543 328 chorus
556 273 644 327 omnis
657 273 762 335 ovebat,

48 370 160 426 Caelestl
172 378 270 425 auratae
282 377 434 424 sonuerunt
447 369 545 438 pollice
558 368 674 430 chordae,

46 465 84 520 Et
98 467 239 519 celebrant
251 479 347 519 cantus
360 466 450 534 magni
462 465 560 518 natalia
572 465 676 517 mundi.

85 561 229 616 Continuo
242 568 339 615 tennes
351 577 429 614 auras
442 576 524 629 super
537 560 627 614 omnia
640 576 751 621 numen,

44 657 121 712 Lete
133 656 336 710 firmamentum
348 657 453 725 ingens,
469 655 612 724 expandit;
633 661 664 707 ut
678 654 731 707 illic

45 753 199 820 Suspensas
210 769 226 804 e
237 752 316 806 terris
327 752 416 814 undoe,
430 751 567 820 gelidique
580 751 702 803 volarent

47 847 168 909 Imbres,
183 854 211 900 et
223 847 339 916 gravide
351 854 457 900 maturo
470 847 586 900 fulmine
598 847 694 908 nubes,

48 942 267 1011 Degeneresque
281 941 422 995 hominum
435 948 543 995 motura
555 941 676 993 tonitrus
687 947 794 994 mentes
806 960 812 991 z

49 1037 259 1106 Imperiumque
272 1038 346 1091 dedit
359 1038 456 1100 ventis,
472 1045 619 1105 motusque
636 1036 709 1090 ciere

50 1133 157 1194 Jussin
177 1150 212 1187 ne
224 1133 307 1187 nimio
319 1134 508 1202 languesceret
520 1150 585 1186 aura
597 1132 694 1194 calore,

54 1229 239 1297 Colligeretve
251 1228 333 1282 simul
345 1229 417 1282 diros
430 1229 542 1282 immota
554 1243 667 1295 vapores
677 1249 684 1287 t

55 1326 101 1380 Ne
112 1325 178 1378 vitre
190 1324 252 1378 lons
264 1325 321 1393 ipse
333 1340 381 1392 per
394 1341 479 1393 egros
492 1330 630 1392 spargeret
642 1331 717 1377 artus

56 1423 212 1491 Purpureas
224 1428 324 1489 pestes,
339 1430 368 1475 et
380 1429 460 1475 certae
473 1421 576 1474 semina
589 1420 691 1474 mortis.

93 1517 235 1571 Obductas
248 1516 296 1570 sed
308 1516 397 1570 adhuc
410 1518 532 1570 celabant
544 1533 652 1585 aequora
663 1522 756 1576 terres,

58 1613 160 1668 Omnia
172 1620 273 1682 pontus
285 1621 380 1675 erant;
396 1613 479 1682 jussit
492 1629 555 1667 cum
568 1613 666 1666 cedere
676 1612 778 1665 fluctus

59 1709 242 1777 Omnipotens
257 1708 365 1777 Opilex‚
381 1708 517 1776 undisque
530 1708 662 1760 immensa
673 1705 808 1775 profunda

59 1805 201 1859 Porrexit:
218 1805 301 1874 jussae
314 1804 413 1868 subito,
429 1805 504 1858 velut
517 1803 624 1870 agmine
635 1802 716 1864 lacto,

60 1900 306 1970 Conglomerantur
315 1917 407 1969 aquae;
428 1901 565 1953 madidum
575 1905 656 1966 ceput
667 1897 754 1951 exerit
763 1896 843 1951 undis

60 1997 183 2059 Fundus,
199 1998 265 2051 etin
279 1996 361 2050 valles
373 1997 437 2050 hinc
450 2013 480 2050 se
493 1995 628 2050 submittit
639 2001 752 2063 apertas,

61 2092 161 2147 Aerios
173 2093 247 2146 illinc
259 2092 358 2147 tollens
369 2094 403 2146 ad
416 2092 504 2146 sidera
515 2099 631 2144 montes.

62 2189 191 2244 Inclusus
203 2190 278 2243 saevit
291 2189 426 2242 minitanti
439 2205 578 2242 murmure
590 2195 699 2256 pontus,

63 2286 229 2355 Attollitque
240 2285 301 2347 iras,
316 2292 345 2338 et
357 2291 465 2338 montes
479 2285 564 2337 volvit
579 2299 718 2351 aquarum.

62 2379 190 2434 Frustrcl
209 2387 353 2448 perpetuas
366 2387 468 2433 neturoe
479 2379 609 2447 providus
621 2385 716 2431 unctor

63 2477 201 2546 Opposuit
213 2477 307 2538 moles,
322 2486 404 2545 atque
416 2476 597 2544 insuperabile
608 2476 694 2528 littus.

63 2573 120 2628 Sed
132 2574 245 2640 sparsim
259 2572 320 2625 latis
333 2574 457 2625 errabant
468 2573 581 2625 flumine
593 2572 701 2639 campis,
718 2621 722 2628 .

64 2669 214 2723 Manabent
224 2667 306 2735 gelidi
320 2667 392 2721 vario
404 2667 556 2720 sinuamine
567 2666 666 2727 sontes,

64 2765 148 2819 Dulci
159 2780 208 2832 per
220 2778 319 2831 pronus
331 2763 497 2831 trepidantes
510 2778 650 2816 murmure
662 2761 754 2831 ripase

60 2862 106 2912 Ne
116 2860 212 2911 sitiens
225 2866 296 2912 terra
307 2858 444 2917 informes
457 2863 582 2933 operiret
592 2861 704 2923 llutos,

48 2950 93 3002 Ne
103 2950 205 3006 sterilis
215 2951 299 3020 soret,
314 2963 405 3028 alque
419 2960 540 3033 ignava
553 2977 683 3032 campus
694 2972 806 3013 ereum.
