1830 3216
70 120 121 169 252
337 131 450 166 canaan
470 131 599 172 oraculas,

72 272 176 323 Deesse
189 277 281 337 putem
292 291 298 329 ;
319 270 539 337 superincumbat
551 269 615 322 licet
627 269 726 337 igneus
739 269 822 328 ardor,

72 367 214 434 vicinique
228 372 288 418 urat
302 366 383 418 nimia
394 365 566 418 inclementia
578 365 650 418 solis.

109 462 145 514 Et
158 471 194 523 te,
209 461 262 514 fida
274 478 366 513 comcs
381 461 480 521 Terrae,
496 468 531 520 te,
549 461 635 519 Luna.
651 476 790 520 canemus,

75 559 273 625 Indigenasque
285 566 357 618 tuos
373 573 441 624 quos
455 573 593 624 nunquam
607 556 716 609 lucidus
729 555 810 608 aetber

75 654 191 714 Deserit,
206 662 253 706 aut
266 662 363 706 tenues
377 654 451 720 puris
466 670 528 705 cum
541 652 643 705 solibus
656 669 738 705 aurae.

76 750 203 803 Immanis
213 750 269 817 jam
282 750 373 802 Turca
391 757 440 802 tuo
453 749 633 801 inflammatus
646 748 761 808 honore,

77 848 171 914 Sperat
183 845 335 898 inaccessos
345 846 459 913 populos
472 845 589 898 retinere
601 844 723 903 catenis;

76 943 120 1004 Et,
136 942 159 994 si
172 958 227 993 non
240 940 332 993 fallant
349 941 471 994 Meccaui
484 940 592 993 oracula
605 940 682 1001 vatis,

76 1038 145 1090 AEvo
159 1037 304 1089 defunctus
318 1037 424 1098 misero,
444 1036 592 1103 Martisque
604 1037 705 1097 labore,

80 1134 214 1202 Auspiciis
227 1151 300 1195 mox,
316 1134 384 1195 diva,
399 1133 454 1186 tuis
467 1150 588 1195 securus,
603 1133 631 1185 in
641 1148 730 1186 aevum

79 1230 184 1282 Gaudia
197 1228 348 1296 multijugae
363 1228 476 1281 Veneris
489 1245 577 1281 novus
590 1228 679 1281 incola
690 1235 791 1296 carpet.

184 1385 356 1448 Cantabrigiae‚
369 1386 395 1432 in
407 1386 521 1433 Comitiis
533 1385 720 1450 posterioribus,
734 1385 849 1437 1718-19.

291 1693 458 1747 CAMERA
481 1695 674 1749 OBSCURA.

84 1850 264 1902 Nocruanurr
278 1849 409 1912 Zeuxem‚
425 1850 504 1903 variae
516 1850 670 1903 subtemina
680 1849 759 1912 lucis,

82 1945 119 1998 Et
132 1946 291 2014 picturatum
304 1945 363 1998 sine
376 1962 458 1998 succo
472 1953 500 1998 et
512 1946 644 1999 arundine
656 1945 787 2006 chartam,

84 2041 192 2104 Phoebe,
208 2059 295 2103 canas,
311 2042 379 2095 lucis
392 2043 460 2095 deus
473 2043 545 2096 idem
559 2049 586 2096 et
599 2041 726 2096 carminis
739 2042 821 2095 idem.

120 2137 194 2205 Ergo
206 2153 263 2205 age,
279 2154 338 2205 quae
352 2139 458 2192 Borean
472 2155 488 2190 a
500 2138 589 2192 fronte
602 2143 738 2205 exceptet,
753 2153 864 2206 opacam

86 2232 242 2284 Constituas
258 2232 415 2286 Cameram:
435 2233 525 2286 valvas
538 2234 667 2302 utrinque
679 2233 808 2287 fenestra}

87 2328 165 2380 Obde
177 2329 260 2395 priua,
275 2329 433 2397 nullamque
447 2329 557 2383 sinesin
571 2330 673 2397 pariete
686 2328 782 2381 rimam

87 2424 209 2484 Hiscere,
224 2439 272 2490 per
284 2432 381 2477 tenues
394 2441 430 2477 ne
442 2425 490 2477 lux
503 2425 623 2493 ingressa
635 2431 744 2476 meatus

87 2519 244 2573 Confundet
256 2527 363 2574 teneras
375 2521 487 2588 species,
502 2521 657 2588 formasque
670 2520 798 2593 caducas.

87 2615 225 2684 Exiguum
238 2623 329 2669 tamen
342 2617 370 2669 in
383 2617 466 2670 valvis
479 2618 614 2684 pertunde
626 2616 759 2679 foramen,

90 2710 152 2770 Qua
163 2711 229 2764 radii
241 2711 384 2770 introeant.
400 2712 513 2780 laevique
525 2711 589 2764 huic
602 2711 692 2764 insere
705 2711 777 2764 vitro

85 2807 243 2872 Tornatam
260 2807 426 2878 modicoque
437 2807 586 2860 rotnnbam
594 2806 705 2872 gibbcre
714 2805 838 2865 lentem;

68 2905 111 2960 Et
120 2922 203 2977 pone
215 2909 368 2966 albentem
381 2905 471 2974 digito
482 2900 626 2967 suspenbe
636 2897 775 2948 tabellam.
