1830 3216
250 635 380 696 EQUES
403 635 674 692 ACADEMlCUS.

61 831 186 884 Curcum
198 831 341 882 instruitur
353 830 370 883 J
373 831 483 890 uvenis余
504 833 648 899 geminove
658 834 701 887 vel
716 851 780 894 uno.

95 926 179 978 Haud
191 927 317 987 multum,
334 933 382 978 aut
394 927 481 979 ocreis
493 927 580 996 cujus,
597 935 625 980 et
638 930 720 991 unde,
737 930 819 983 refert
830 902 844 990 余(

62 1020 126 1074 Fors
138 1021 255 1074 sortasse
267 1038 326 1082 suo,
342 1020 457 1074 fortasse
469 1021 587 1085 aliunde,
601 1023 707 1091 flagello
719 1046 725 1084 余

95 1117 346 1185 Quantulacunque
358 1117 409 1178 sni,
424 1132 487 1184 pars
497 1125 589 1170 tamen
602 1117 660 1186 ipse
673 1119 724 1172 sui.

62 1215 103 1268 Sic
116 1215 168 1267 rite
180 1220 308 1275 armatus
324 1214 414 1282 quinis
428 1216 468 1279 (et
480 1213 552 1267 forte
565 1214 690 1282 minoris)

94 1311 270 1364 Conductum
283 1309 375 1363 solidis
388 1309 520 1362 scandere
531 1310 613 1376 gestit
626 1326 738 1378 equum.

62 1404 150 1459 Laetus
161 1412 188 1458 et
201 1405 360 1472 impavidus,
377 1405 444 1472 (qua
455 1403 508 1457 fert
520 1404 638 1466 fortuna,
655 1405 792 1459 volantem

94 1500 218 1567 Cernite)
232 1498 438 1569 quadrupedem
451 1499 556 1567 pungit.
573 1506 600 1551 et
613 1507 692 1568 urget
706 1500 765 1554 iter.

62 1595 187 1650 Admisso
200 1611 292 1656 cursu,
305 1610 353 1662 per
366 1611 436 1655 rura,
452 1610 500 1661 per
513 1593 619 1661 oppida,
634 1594 737 1648 fertur:

94 1692 240 1745 Adlatrant
251 1691 341 1752 catuli,
356 1689 498 1759 multaque
511 1690 581 1744 ridet
594 1708 670 1744 anus.

62 1789 174 1858 lamque
185 1788 264 1842 ferox
277 1787 370 1856 plagis,
387 1794 477 1840 erecta
488 1787 522 1839 ad
536 1789 647 1842 verbera
659 1789 762 1850 dextra,

92 1885 176 1939 Calce
188 1892 331 1938 cruentato
344 1885 425 1937 lassat
436 1891 584 1952 utrumque
597 1885 677 1938 latus.

62 1983 165 2051 impete
176 1983 225 2035 sed
238 1988 314 2034 tanto
328 1981 440 2032 vixdum
453 1980 603 2033 confecerit
616 1981 662 2033 ille

91 2077 180 2131 Millia
192 2077 335 2145 propositae
348 2093 440 2134 sexve,
459 2091 602 2138 novemve,
618 2077 682 2136 viae余

62 2172 166 2225 Viribus
175 2171 333 2238 absumptis,
348 2171 492 2238 fessusque
504 2171 604 2232 labore,
620 2171 739 2224 caballus

92 2267 199 2321 Sternit
209 2268 236 2320 in
250 2267 421 2320 immundum
434 2284 519 2336 seque
532 2268 708 2337 equitemque
719 2267 817 2322 lutum.

62 2363 160 2417 lectus
172 2363 224 2415 iter
236 2371 347 2431 peraget
357 2380 439 2416 curru
452 2363 608 2430 plaustrove
621 2363 728 2415 viator?

92 2457 166 2511 Proh
179 2458 267 2524 pudor
282 2465 310 2511 et
321 2455 442 2510 lacinusl
463 2458 570 2525 cogitur
583 2458 621 2510 ire
635 2458 725 2525 pedes.

63 2555 93 2616 li,
109 2570 161 2606 nec
173 2553 356 2621 inexpertum,
372 2553 508 2606 seniorem
523 2553 617 2622 junior
629 2553 716 2613 audis,

94 2650 163 2710 Qua
175 2649 229 2702 sint
243 2650 346 2717 exiguae
359 2651 502 2702 commoda
514 2650 588 2702 disce
601 2666 691 2701 moroe.

63 2747 148 2806 Quam
161 2746 210 2798 tibi
222 2747 354 2813 precipio,
371 2746 458 2799 brevis
472 2754 513 2798 est
526 2747 574 2798 sed
588 2745 682 2814 regula
694 2751 783 2798 certa:

93 2843 186 2907 Ocyus
199 2848 229 2892 ut
237 2841 327 2907 possis
337 2858 464 2912 pergere,
481 2843 577 2899 lentus
592 2861 649 2898 eas.
