<?xml version="1.0" encoding="UTF-8"?>
<!DOCTYPE html PUBLIC "-//W3C//DTD XHTML 1.0 Transitional//EN"
    "http://www.w3.org/TR/xhtml1/DTD/xhtml1-transitional.dtd">
<html xmlns="http://www.w3.org/1999/xhtml" xml:lang="en" lang="en">
 <head>
  <title>
</title>
<meta http-equiv="Content-Type" content="text/html;charset=utf-8" />
  <meta name='ocr-system' content='tesseract 3.04.00' />
  <meta name='ocr-capabilities' content='ocr_page ocr_carea ocr_par ocr_line ocrx_word'/>
</head>
<body>
  <div class='ocr_page' id='page_1' title='image "./poeticalworksla00bourgoog_0114.png"; bbox 0 0 1830 3216; ppageno 0'>
   <div class='ocr_carea' id='block_1_1' title="bbox 355 128 575 164">
    <p class='ocr_par' dir='ltr' id='par_1_1' title="bbox 355 128 575 164">
     <span class='ocr_line' id='line_1_1' title="bbox 355 128 575 164; baseline 0.005 -1"><span class='ocrx_word' id='word_1_1' title='bbox 355 129 433 163; x_wconf 74' lang='lat' dir='ltr'><strong>atton</strong></span> <span class='ocrx_word' id='word_1_2' title='bbox 450 128 575 164; x_wconf 71' lang='lat' dir='ltr'><strong>munitm.</strong></span> 
     </span>
    </p>
   </div>
   <div class='ocr_carea' id='block_1_2' title="bbox 64 263 756 626">
    <p class='ocr_par' dir='ltr' id='par_1_2' title="bbox 64 263 756 423">
     <span class='ocr_line' id='line_1_2' title="bbox 64 263 756 332; baseline 0.001 -15"><span class='ocrx_word' id='word_1_3' title='bbox 64 264 191 332; x_wconf 83' lang='lat' dir='ltr'><strong>Sopitum</strong></span> <span class='ocrx_word' id='word_1_4' title='bbox 203 263 304 316; x_wconf 79' lang='lat' dir='ltr'><strong>laedunt</strong></span> <span class='ocrx_word' id='word_1_5' title='bbox 316 263 407 316; x_wconf 91' lang='lat' dir='ltr'><strong>divum</strong></span> <span class='ocrx_word' id='word_1_6' title='bbox 421 280 492 316; x_wconf 89' lang='lat' dir='ltr'><strong>nova</strong></span> <span class='ocrx_word' id='word_1_7' title='bbox 504 264 626 325; x_wconf 83' lang='lat' dir='ltr'><strong>vincula;</strong></span> <span class='ocrx_word' id='word_1_8' title='bbox 653 282 756 328; x_wconf 90' lang='lat' dir='ltr'><strong>somne,</strong></span> 
     </span>
     <span class='ocr_line' id='line_1_3' title="bbox 103 360 664 423; baseline 0.005 -11"><span class='ocrx_word' id='word_1_9' title='bbox 103 361 165 413; x_wconf 94' lang='lat' dir='ltr'><strong>Non</strong></span> <span class='ocrx_word' id='word_1_10' title='bbox 179 361 217 414; x_wconf 88' lang='lat' dir='ltr'><strong>ita</strong></span> <span class='ocrx_word' id='word_1_11' title='bbox 228 377 291 413; x_wconf 88' lang='lat' dir='ltr'><strong>cum</strong></span> <span class='ocrx_word' id='word_1_12' title='bbox 305 360 406 420; x_wconf 85' lang='lat' dir='ltr'><strong>vinc’lis</strong></span> <span class='ocrx_word' id='word_1_13' title='bbox 419 361 581 414; x_wconf 83' lang='lat' dir='ltr'><strong>excutienda</strong></span> <span class='ocrx_word' id='word_1_14' title='bbox 592 362 646 415; x_wconf 85' lang='lat' dir='ltr'><strong>tuis</strong></span> <span class='ocrx_word' id='word_1_15' title='bbox 657 385 664 423; x_wconf 93' lang='lat'>;</span> 
     </span>
    </p>

    <p class='ocr_par' dir='ltr' id='par_1_3' title="bbox 64 457 743 626">
     <span class='ocr_line' id='line_1_4' title="bbox 64 457 639 527; baseline -0.002 -16"><span class='ocrx_word' id='word_1_16' title='bbox 64 457 121 511; x_wconf 81' lang='lat' dir='ltr'><strong>Ter</strong></span> <span class='ocrx_word' id='word_1_17' title='bbox 133 458 209 511; x_wconf 91' lang='lat' dir='ltr'><strong>filum</strong></span> <span class='ocrx_word' id='word_1_18' title='bbox 223 474 293 510; x_wconf 88' lang='lat' dir='ltr'><strong>vano</strong></span> <span class='ocrx_word' id='word_1_19' title='bbox 306 464 392 511; x_wconf 85' lang='lat' dir='ltr'><strong>tentat</strong></span> <span class='ocrx_word' id='word_1_20' title='bbox 404 457 557 527; x_wconf 84' lang='lat' dir='ltr'><strong>diffringere</strong></span> <span class='ocrx_word' id='word_1_21' title='bbox 570 459 639 520; x_wconf 90' lang='lat' dir='ltr'><strong>nisu,</strong></span> 
     </span>
     <span class='ocr_line' id='line_1_5' title="bbox 102 555 743 626; baseline 0.003 -17"><span class='ocrx_word' id='word_1_22' title='bbox 102 557 158 610; x_wconf 87' lang='lat' dir='ltr'><strong>Ter</strong></span> <span class='ocrx_word' id='word_1_23' title='bbox 168 555 270 609; x_wconf 81' lang='lat' dir='ltr'><strong>frustra</strong></span> <span class='ocrx_word' id='word_1_24' title='bbox 281 556 315 608; x_wconf 89' lang='lat' dir='ltr'><strong>ad</strong></span> <span class='ocrx_word' id='word_1_25' title='bbox 327 556 442 610; x_wconf 84' lang='lat' dir='ltr'>celerem</span> <span class='ocrx_word' id='word_1_26' title='bbox 455 557 576 611; x_wconf 85' lang='lat' dir='ltr'>tenditur</span> <span class='ocrx_word' id='word_1_27' title='bbox 590 558 632 610; x_wconf 88' lang='lat' dir='ltr'><strong>ala</strong></span> <span class='ocrx_word' id='word_1_28' title='bbox 642 557 743 626; x_wconf 83' lang='lat' dir='ltr'><strong>sugam.</strong></span> 
     </span>
    </p>
   </div>
   <div class='ocr_carea' id='block_1_3' title="bbox 61 777 835 1527">
    <p class='ocr_par' dir='ltr' id='par_1_4' title="bbox 64 777 824 942">
     <span class='ocr_line' id='line_1_6' title="bbox 64 777 824 847; baseline 0 -17"><span class='ocrx_word' id='word_1_29' title='bbox 64 777 100 832; x_wconf 83' lang='lat' dir='ltr'><strong>Et</strong></span> <span class='ocrx_word' id='word_1_30' title='bbox 112 778 245 847; x_wconf 80' lang='lat' dir='ltr'><strong>trepidam</strong></span> <span class='ocrx_word' id='word_1_31' title='bbox 258 777 382 846; x_wconf 89' lang='lat' dir='ltr'><strong>quatiens</strong></span> <span class='ocrx_word' id='word_1_32' title='bbox 394 793 518 845; x_wconf 86' lang='lat' dir='ltr'>pennam,</span> <span class='ocrx_word' id='word_1_33' title='bbox 534 794 596 831; x_wconf 86' lang='lat' dir='ltr'><strong>cum</strong></span> <span class='ocrx_word' id='word_1_34' title='bbox 609 778 717 830; x_wconf 88' lang='lat' dir='ltr'><strong>fletibus</strong></span> <span class='ocrx_word' id='word_1_35' title='bbox 730 778 824 846; x_wconf 89' lang='lat' dir='ltr'><strong>inquit,</strong></span> 
     </span>
     <span class='ocr_line' id='line_1_7' title="bbox 99 874 719 942; baseline -0.003 -14"><span class='ocrx_word' id='word_1_36' title='bbox 99 882 118 904; x_wconf 87' lang='lat'><strong>·‘</strong></span> <span class='ocrx_word' id='word_1_37' title='bbox 129 875 260 929; x_wconf 83' lang='lat' dir='ltr'><strong>Fortunae</strong></span> <span class='ocrx_word' id='word_1_38' title='bbox 272 875 403 942; x_wconf 70' lang='lat' dir='ltr'><strong>ignoscas</strong></span> <span class='ocrx_word' id='word_1_39' title='bbox 418 875 515 928; x_wconf 85' lang='lat' dir='ltr'><strong>blanda</strong></span> <span class='ocrx_word' id='word_1_40' title='bbox 525 874 623 942; x_wconf 87' lang='lat' dir='ltr'><strong>puella,</strong></span> <span class='ocrx_word' id='word_1_41' title='bbox 638 890 719 934; x_wconf 86' lang='lat' dir='ltr'><strong>meae;</strong></span> 
     </span>
    </p>

    <p class='ocr_par' dir='ltr' id='par_1_5' title="bbox 62 971 721 1136">
     <span class='ocr_line' id='line_1_8' title="bbox 62 971 721 1040; baseline -0.003 -16"><span class='ocrx_word' id='word_1_42' title='bbox 62 971 199 1040; x_wconf 84' lang='lat' dir='ltr'><strong>ignoscas,</strong></span> <span class='ocrx_word' id='word_1_43' title='bbox 212 972 235 1024; x_wconf 90' lang='lat' dir='ltr'><strong>si</strong></span> <span class='ocrx_word' id='word_1_44' title='bbox 247 987 359 1034; x_wconf 85' lang='lat' dir='ltr'><strong>caeeum,</strong></span> <span class='ocrx_word' id='word_1_45' title='bbox 373 971 469 1040; x_wconf 91' lang='lat' dir='ltr'><strong>inquit,</strong></span> <span class='ocrx_word' id='word_1_46' title='bbox 484 988 528 1024; x_wconf 89' lang='lat' dir='ltr'><strong>me</strong></span> <span class='ocrx_word' id='word_1_47' title='bbox 540 971 635 1024; x_wconf 88' lang='lat' dir='ltr'><strong>devius</strong></span> <span class='ocrx_word' id='word_1_48' title='bbox 648 987 721 1024; x_wconf 88' lang='lat' dir='ltr'>error</span> 
     </span>
     <span class='ocr_line' id='line_1_9' title="bbox 98 1067 715 1136; baseline -0.003 -15"><span class='ocrx_word' id='word_1_49' title='bbox 98 1067 218 1121; x_wconf 87' lang='lat' dir='ltr'><strong>Duxerit</strong></span> <span class='ocrx_word' id='word_1_50' title='bbox 229 1067 263 1120; x_wconf 90' lang='lat' dir='ltr'><strong>ad</strong></span> <span class='ocrx_word' id='word_1_51' title='bbox 276 1073 379 1135; x_wconf 85' lang='lat' dir='ltr'><strong>pectus,</strong></span> <span class='ocrx_word' id='word_1_52' title='bbox 395 1067 508 1120; x_wconf 86' lang='lat' dir='ltr'><strong>candida</strong></span> <span class='ocrx_word' id='word_1_53' title='bbox 519 1067 603 1136; x_wconf 88' lang='lat' dir='ltr'><strong>virgo,</strong></span> <span class='ocrx_word' id='word_1_54' title='bbox 618 1074 715 1120; x_wconf 88' lang='lat' dir='ltr'><strong>tuum:</strong></span> 
     </span>
    </p>

    <p class='ocr_par' dir='ltr' id='par_1_6' title="bbox 62 1162 835 1324">
     <span class='ocr_line' id='line_1_10' title="bbox 62 1162 835 1233; baseline -0.003 -15"><span class='ocrx_word' id='word_1_55' title='bbox 62 1165 168 1219; x_wconf 83' lang='lat' dir='ltr'><strong>Devius</strong></span> <span class='ocrx_word' id='word_1_56' title='bbox 175 1181 256 1219; x_wconf 85' lang='lat' dir='ltr'>error</span> <span class='ocrx_word' id='word_1_57' title='bbox 269 1173 326 1219; x_wconf 87' lang='lat' dir='ltr'><strong>erat</strong></span> <span class='ocrx_word' id='word_1_58' title='bbox 339 1173 427 1224; x_wconf 82' lang='lat' dir='ltr'>certe;</span> <span class='ocrx_word' id='word_1_59' title='bbox 455 1181 571 1233; x_wconf 89' lang='lat' dir='ltr'><strong>namque</strong></span> <span class='ocrx_word' id='word_1_60' title='bbox 584 1165 638 1217; x_wconf 88' lang='lat' dir='ltr'><strong>heu</strong></span> <span class='ocrx_word' id='word_1_61' title='bbox 651 1166 720 1218; x_wconf 86' lang='lat' dir='ltr'>bene</span> <span class='ocrx_word' id='word_1_62' title='bbox 734 1162 835 1224; x_wconf 77' lang='lat' dir='ltr'><strong>ninam,</strong></span> 
     </span>
     <span class='ocr_line' id='line_1_11' title="bbox 100 1262 659 1324; baseline -0.004 -8"><span class='ocrx_word' id='word_1_63' title='bbox 100 1264 183 1324; x_wconf 89' lang='lat' dir='ltr'><strong>Quod</strong></span> <span class='ocrx_word' id='word_1_64' title='bbox 196 1262 275 1315; x_wconf 87' lang='lat' dir='ltr'><strong>sedes</strong></span> <span class='ocrx_word' id='word_1_65' title='bbox 288 1262 341 1316; x_wconf 87' lang='lat' dir='ltr'><strong>illic</strong></span> <span class='ocrx_word' id='word_1_66' title='bbox 354 1279 409 1315; x_wconf 92' lang='lat' dir='ltr'><strong>non</strong></span> <span class='ocrx_word' id='word_1_67' title='bbox 423 1262 564 1315; x_wconf 86' lang='lat' dir='ltr'><strong>habiturus</strong></span> <span class='ocrx_word' id='word_1_68' title='bbox 578 1279 659 1314; x_wconf 86' lang='lat' dir='ltr'><strong>eram.</strong></span> 
     </span>
    </p>

    <p class='ocr_par' dir='ltr' id='par_1_7' title="bbox 61 1360 817 1527">
     <span class='ocr_line' id='line_1_12' title="bbox 61 1360 817 1430; baseline -0.001 -17"><span class='ocrx_word' id='word_1_69' title='bbox 61 1360 190 1414; x_wconf 86' lang='lat' dir='ltr'><strong>Dimittas</strong></span> <span class='ocrx_word' id='word_1_70' title='bbox 203 1361 346 1428; x_wconf 88' lang='lat' dir='ltr'><strong>captivum,</strong></span> <span class='ocrx_word' id='word_1_71' title='bbox 362 1377 426 1420; x_wconf 90' lang='lat' dir='ltr'>oro;</span> <span class='ocrx_word' id='word_1_72' title='bbox 453 1361 500 1428; x_wconf 92' lang='lat' dir='ltr'><strong>qui</strong></span> <span class='ocrx_word' id='word_1_73' title='bbox 512 1361 550 1412; x_wconf 92' lang='lat' dir='ltr'><strong>nil</strong></span> <span class='ocrx_word' id='word_1_74' title='bbox 562 1361 619 1422; x_wconf 89' lang='lat' dir='ltr'><strong>tibi,</strong></span> <span class='ocrx_word' id='word_1_75' title='bbox 634 1360 760 1430; x_wconf 84' lang='lat' dir='ltr'><strong>nympha,</strong></span> <span class='ocrx_word' id='word_1_76' title='bbox 777 1367 817 1413; x_wconf 89' lang='lat' dir='ltr'><strong>est</strong></span> 
     </span>
     <span class='ocr_line' id='line_1_13' title="bbox 100 1457 675 1527; baseline -0.002 -16"><span class='ocrx_word' id='word_1_77' title='bbox 100 1458 222 1520; x_wconf 86' lang='lat' dir='ltr'><strong>Molitus,</strong></span> <span class='ocrx_word' id='word_1_78' title='bbox 238 1466 312 1511; x_wconf 85' lang='lat' dir='ltr'>certe</span> <span class='ocrx_word' id='word_1_79' title='bbox 323 1457 360 1510; x_wconf 88' lang='lat' dir='ltr'><strong>nii</strong></span> <span class='ocrx_word' id='word_1_80' title='bbox 373 1458 430 1519; x_wconf 90' lang='lat' dir='ltr'><strong>tibi,</strong></span> <span class='ocrx_word' id='word_1_81' title='bbox 445 1457 571 1527; x_wconf 82' lang='lat' dir='ltr'><strong>nympha,</strong></span> <span class='ocrx_word' id='word_1_82' title='bbox 587 1458 675 1510; x_wconf 87' lang='lat' dir='ltr'><strong>mali.”</strong></span> 
     </span>
    </p>
   </div>
   <div class='ocr_carea' id='block_1_4' title="bbox 58 1677 858 2230">
    <p class='ocr_par' dir='ltr' id='par_1_8' title="bbox 60 1677 786 1844">
     <span class='ocr_line' id='line_1_14' title="bbox 60 1677 786 1747; baseline -0.001 -17"><span class='ocrx_word' id='word_1_83' title='bbox 60 1685 80 1708; x_wconf 77' lang='lat'><strong>‘⁴</strong></span> <span class='ocrx_word' id='word_1_84' title='bbox 91 1677 152 1732; x_wconf 86' lang='lat' dir='ltr'><strong>Nec</strong></span> <span class='ocrx_word' id='word_1_85' title='bbox 164 1677 229 1740; x_wconf 80' lang='lat' dir='ltr'><strong>scin,</strong></span> <span class='ocrx_word' id='word_1_86' title='bbox 244 1695 295 1731; x_wconf 82' lang='lat' dir='ltr'><strong>nee</strong></span> <span class='ocrx_word' id='word_1_87' title='bbox 308 1694 352 1730; x_wconf 92' lang='lat' dir='ltr'><strong>me</strong></span> <span class='ocrx_word' id='word_1_88' title='bbox 364 1678 433 1730; x_wconf 84' lang='lat' dir='ltr'><strong>seire</strong></span> <span class='ocrx_word' id='word_1_89' title='bbox 441 1679 545 1747; x_wconf 85' lang='lat' dir='ltr'><strong>juvat‚&#39;&#39;</strong></span> <span class='ocrx_word' id='word_1_90' title='bbox 562 1677 606 1730; x_wconf 83' lang='lat' dir='ltr'><strong>cui</strong></span> <span class='ocrx_word' id='word_1_91' title='bbox 618 1677 723 1730; x_wconf 86' lang='lat' dir='ltr'><strong>rettulit</strong></span> <span class='ocrx_word' id='word_1_92' title='bbox 735 1677 786 1738; x_wconf 88' lang='lat' dir='ltr'><strong>illa,</strong></span> 
     </span>
     <span class='ocr_line' id='line_1_15' title="bbox 98 1775 717 1844; baseline -0.002 -16"><span class='ocrx_word' id='word_1_93' title='bbox 98 1783 117 1805; x_wconf 82' lang='lat'><strong>‘¹</strong></span> <span class='ocrx_word' id='word_1_94' title='bbox 129 1775 212 1828; x_wconf 89' lang='lat' dir='ltr'>Unde</span> <span class='ocrx_word' id='word_1_95' title='bbox 224 1792 291 1844; x_wconf 88' lang='lat' dir='ltr'><strong>puer</strong></span> <span class='ocrx_word' id='word_1_96' title='bbox 304 1777 403 1838; x_wconf 88' lang='lat' dir='ltr'><strong>venias,</strong></span> <span class='ocrx_word' id='word_1_97' title='bbox 419 1791 473 1843; x_wconf 88' lang='lat' dir='ltr'><strong>quo</strong></span> <span class='ocrx_word' id='word_1_98' title='bbox 485 1775 606 1844; x_wconf 85' lang='lat' dir='ltr'><strong>fugiasve</strong></span> <span class='ocrx_word' id='word_1_99' title='bbox 619 1792 717 1843; x_wconf 80' lang='lat' dir='ltr'><strong>vagns3</strong></span> 
     </span>
    </p>

    <p class='ocr_par' dir='ltr' id='par_1_9' title="bbox 60 1873 858 2039">
     <span class='ocr_line' id='line_1_16' title="bbox 60 1873 858 1943; baseline -0.003 -16"><span class='ocrx_word' id='word_1_100' title='bbox 60 1875 126 1927; x_wconf 89' lang='lat' dir='ltr'><strong>Non</strong></span> <span class='ocrx_word' id='word_1_101' title='bbox 139 1873 214 1936; x_wconf 87' lang='lat' dir='ltr'><strong>mihi,</strong></span> <span class='ocrx_word' id='word_1_102' title='bbox 226 1891 286 1943; x_wconf 86' lang='lat' dir='ltr'><strong>quae</strong></span> <span class='ocrx_word' id='word_1_103' title='bbox 297 1873 411 1935; x_wconf 77' lang='lat' dir='ltr'><strong>latebra,</strong></span> <span class='ocrx_word' id='word_1_104' title='bbox 424 1889 483 1942; x_wconf 86' lang='lat' dir='ltr'><strong>quae</strong></span> <span class='ocrx_word' id='word_1_105' title='bbox 492 1874 546 1926; x_wconf 85' lang='lat' dir='ltr'><strong>sint</strong></span> <span class='ocrx_word' id='word_1_106' title='bbox 556 1873 713 1935; x_wconf 82' lang='lat' dir='ltr'><strong>habitacula,</strong></span> <span class='ocrx_word' id='word_1_107' title='bbox 726 1890 796 1926; x_wconf 82' lang='lat' dir='ltr'>curae</span> <span class='ocrx_word' id='word_1_108' title='bbox 810 1881 858 1935; x_wconf 87' lang='lat' dir='ltr'><strong>est,</strong></span> 
     </span>
     <span class='ocr_line' id='line_1_17' title="bbox 97 1969 716 2039; baseline -0.003 -16"><span class='ocrx_word' id='word_1_109' title='bbox 97 1970 163 2024; x_wconf 88' lang='lat' dir='ltr'><strong>Non</strong></span> <span class='ocrx_word' id='word_1_110' title='bbox 175 1969 249 2032; x_wconf 86' lang='lat' dir='ltr'><strong>mihi,</strong></span> <span class='ocrx_word' id='word_1_111' title='bbox 264 1986 317 2039; x_wconf 89' lang='lat' dir='ltr'><strong>qua</strong></span> <span class='ocrx_word' id='word_1_112' title='bbox 329 1976 421 2023; x_wconf 78' lang='lat' dir='ltr'><strong>nectas</strong></span> <span class='ocrx_word' id='word_1_113' title='bbox 434 1969 460 2021; x_wconf 92' lang='lat' dir='ltr'><strong>in</strong></span> <span class='ocrx_word' id='word_1_114' title='bbox 473 1971 584 2038; x_wconf 85' lang='lat' dir='ltr'>regione</span> <span class='ocrx_word' id='word_1_115' title='bbox 596 1986 698 2022; x_wconf 87' lang='lat' dir='ltr'><strong>moram</strong></span> <span class='ocrx_word' id='word_1_116' title='bbox 710 1991 716 2029; x_wconf 88' lang='lat'>;</span> 
     </span>
    </p>

    <p class='ocr_par' dir='ltr' id='par_1_10' title="bbox 58 2065 833 2230">
     <span class='ocr_line' id='line_1_18' title="bbox 58 2065 833 2133; baseline -0.003 -13"><span class='ocrx_word' id='word_1_117' title='bbox 58 2067 100 2121; x_wconf 84' lang='lat' dir='ltr'><strong>At</strong></span> <span class='ocrx_word' id='word_1_118' title='bbox 112 2083 169 2121; x_wconf 90' lang='lat' dir='ltr'><strong>non</strong></span> <span class='ocrx_word' id='word_1_119' title='bbox 181 2066 330 2126; x_wconf 66' lang='lat' dir='ltr'><strong>dimittam</strong></span> <span class='ocrx_word' id='word_1_120' title='bbox 353 2081 443 2133; x_wconf 88' lang='lat' dir='ltr'>neque</span> <span class='ocrx_word' id='word_1_121' title='bbox 456 2065 527 2118; x_wconf 88' lang='lat' dir='ltr'><strong>enim</strong></span> <span class='ocrx_word' id='word_1_122' title='bbox 541 2066 589 2118; x_wconf 82' lang='lat' dir='ltr'><strong>tibi</strong></span> <span class='ocrx_word' id='word_1_123' title='bbox 601 2066 697 2124; x_wconf 86' lang='lat' dir='ltr'>credo;</span> <span class='ocrx_word' id='word_1_124' title='bbox 724 2066 833 2133; x_wconf 85' lang='lat' dir='ltr'><strong>parabas</strong></span> 
     </span>
     <span class='ocr_line' id='line_1_19' title="bbox 96 2161 665 2230; baseline -0.007 -13"><span class='ocrx_word' id='word_1_125' title='bbox 96 2165 168 2217; x_wconf 89' lang='lat' dir='ltr'><strong>Nam</strong></span> <span class='ocrx_word' id='word_1_126' title='bbox 181 2170 255 2217; x_wconf 81' lang='lat' dir='ltr'>certe</span> <span class='ocrx_word' id='word_1_127' title='bbox 266 2163 384 2224; x_wconf 86' lang='lat' dir='ltr'><strong>insidias,</strong></span> <span class='ocrx_word' id='word_1_128' title='bbox 399 2163 561 2230; x_wconf 86' lang='lat' dir='ltr'><strong>insidiasque</strong></span> <span class='ocrx_word' id='word_1_129' title='bbox 574 2161 665 2214; x_wconf 89' lang='lat' dir='ltr'><strong>mihi.”</strong></span> 
     </span>
    </p>
   </div>
   <div class='ocr_carea' id='block_1_5' title="bbox 58 2384 809 2746">
    <p class='ocr_par' dir='ltr' id='par_1_11' title="bbox 58 2384 809 2553">
     <span class='ocr_line' id='line_1_20' title="bbox 58 2384 809 2458; baseline -0.005 -16"><span class='ocrx_word' id='word_1_130' title='bbox 58 2397 79 2418; x_wconf 81' lang='lat'><strong>⁸⁴</strong></span> <span class='ocrx_word' id='word_1_131' title='bbox 90 2388 250 2458; x_wconf 72' lang='lat' dir='ltr'><strong>Virgineum</strong></span> <span class='ocrx_word' id='word_1_132' title='bbox 263 2404 322 2456; x_wconf 84' lang='lat' dir='ltr'><strong>quae</strong></span> <span class='ocrx_word' id='word_1_133' title='bbox 334 2401 407 2441; x_wconf 85' lang='lat' dir='ltr'><strong>curae</strong></span> <span class='ocrx_word' id='word_1_134' title='bbox 420 2393 519 2454; x_wconf 83' lang='lat' dir='ltr'>urgent</span> <span class='ocrx_word' id='word_1_135' title='bbox 531 2385 580 2438; x_wconf 89' lang='lat' dir='ltr'><strong>tibi</strong></span> <span class='ocrx_word' id='word_1_136' title='bbox 591 2393 686 2454; x_wconf 88' lang='lat' dir='ltr'><strong>pectus</strong></span> <span class='ocrx_word' id='word_1_137' title='bbox 700 2384 809 2438; x_wconf 84' lang='lat' dir='ltr'><strong>inanes!</strong></span> 
     </span>
     <span class='ocr_line' id='line_1_21' title="bbox 95 2482 632 2553; baseline -0.006 -16"><span class='ocrx_word' id='word_1_138' title='bbox 95 2484 158 2553; x_wconf 90' lang='lat' dir='ltr'><strong>Ipse</strong></span> <span class='ocrx_word' id='word_1_139' title='bbox 169 2483 267 2537; x_wconf 89' lang='lat' dir='ltr'>lubens</span> <span class='ocrx_word' id='word_1_140' title='bbox 279 2500 366 2545; x_wconf 82' lang='lat' dir='ltr'><strong>arcus,</strong></span> <span class='ocrx_word' id='word_1_141' title='bbox 382 2490 409 2536; x_wconf 89' lang='lat' dir='ltr'><strong>et</strong></span> <span class='ocrx_word' id='word_1_142' title='bbox 422 2483 471 2536; x_wconf 88' lang='lat' dir='ltr'><strong>tibi</strong></span> <span class='ocrx_word' id='word_1_143' title='bbox 482 2482 536 2535; x_wconf 86' lang='lat' dir='ltr'><strong>tela</strong></span> <span class='ocrx_word' id='word_1_144' title='bbox 548 2483 632 2535; x_wconf 87' lang='lat' dir='ltr'><strong>daho:</strong></span> 
     </span>
    </p>

    <p class='ocr_par' dir='ltr' id='par_1_12' title="bbox 58 2577 711 2746">
     <span class='ocr_line' id='line_1_22' title="bbox 58 2577 711 2650; baseline -0.009 -15"><span class='ocrx_word' id='word_1_145' title='bbox 58 2581 173 2650; x_wconf 81' lang='lat' dir='ltr'><strong>Captiva</strong></span> <span class='ocrx_word' id='word_1_146' title='bbox 185 2580 260 2643; x_wconf 90' lang='lat' dir='ltr'><strong>mihi,</strong></span> <span class='ocrx_word' id='word_1_147' title='bbox 276 2597 337 2633; x_wconf 88' lang='lat' dir='ltr'><strong>cara</strong></span> <span class='ocrx_word' id='word_1_148' title='bbox 351 2579 444 2641; x_wconf 89' lang='lat' dir='ltr'>Chloe,</span> <span class='ocrx_word' id='word_1_149' title='bbox 460 2579 483 2632; x_wconf 92' lang='lat' dir='ltr'><strong>si</strong></span> <span class='ocrx_word' id='word_1_150' title='bbox 495 2579 602 2632; x_wconf 90' lang='lat' dir='ltr'><strong>vincula</strong></span> <span class='ocrx_word' id='word_1_151' title='bbox 614 2577 711 2639; x_wconf 90' lang='lat' dir='ltr'><strong>solves,</strong></span> 
     </span>
     <span class='ocr_line' id='line_1_23' title="bbox 94 2675 673 2746; baseline -0.003 -16"><span class='ocrx_word' id='word_1_152' title='bbox 94 2677 130 2731; x_wconf 83' lang='lat' dir='ltr'><strong>Et</strong></span> <span class='ocrx_word' id='word_1_153' title='bbox 143 2694 196 2739; x_wconf 90' lang='lat' dir='ltr'><strong>me,</strong></span> <span class='ocrx_word' id='word_1_154' title='bbox 212 2694 267 2746; x_wconf 91' lang='lat' dir='ltr'><strong>quo</strong></span> <span class='ocrx_word' id='word_1_155' title='bbox 279 2676 368 2738; x_wconf 84' lang='lat' dir='ltr'><strong>libeat,</strong></span> <span class='ocrx_word' id='word_1_156' title='bbox 384 2692 477 2729; x_wconf 90' lang='lat' dir='ltr'><strong>rursus</strong></span> <span class='ocrx_word' id='word_1_157' title='bbox 490 2677 563 2729; x_wconf 87' lang='lat' dir='ltr'><strong>abire</strong></span> <span class='ocrx_word' id='word_1_158' title='bbox 575 2675 673 2729; x_wconf 87' lang='lat' dir='ltr'><strong>sines.’&#39;</strong></span> 
     </span>
    </p>
   </div>
   <div class='ocr_carea' id='block_1_6' title="bbox 59 2883 798 3045">
    <p class='ocr_par' dir='ltr' id='par_1_13' title="bbox 59 2883 798 3045">
     <span class='ocr_line' id='line_1_24' title="bbox 59 2883 798 2957; baseline 0.004 -23"><span class='ocrx_word' id='word_1_159' title='bbox 59 2893 77 2916; x_wconf 75' lang='lat'><strong>‘⁶</strong></span> <span class='ocrx_word' id='word_1_160' title='bbox 88 2885 241 2950; x_wconf 75' lang='lat' dir='ltr'><strong>virgineam</strong></span> <span class='ocrx_word' id='word_1_161' title='bbox 253 2883 370 2936; x_wconf 71' lang='lat' dir='ltr'><strong>deiende</strong></span> <span class='ocrx_word' id='word_1_162' title='bbox 381 2900 476 2938; x_wconf 86' lang='lat' dir='ltr'><strong>meum</strong></span> <span class='ocrx_word' id='word_1_163' title='bbox 492 2887 527 2942; x_wconf 91' lang='lat' dir='ltr'><strong>de</strong></span> <span class='ocrx_word' id='word_1_164' title='bbox 541 2887 668 2943; x_wconf 77' lang='lat' dir='ltr'>vulnere</span> <span class='ocrx_word' id='word_1_165' title='bbox 679 2891 798 2957; x_wconf 79' lang='lat' dir='ltr'><strong>peetns,</strong></span> 
     </span>
     <span class='ocr_line' id='line_1_25' title="bbox 74 2974 710 3045; baseline 0.025 -20"><span class='ocrx_word' id='word_1_166' title='bbox 74 2974 112 3025; x_wconf 79' lang='lat' dir='ltr'><strong>Et</strong></span> <span class='ocrx_word' id='word_1_167' title='bbox 121 2975 191 3025; x_wconf 79' lang='lat' dir='ltr'><strong>midi</strong></span> <span class='ocrx_word' id='word_1_168' title='bbox 200 2975 251 3026; x_wconf 75' lang='lat' dir='ltr'><strong>des</strong></span> <span class='ocrx_word' id='word_1_169' title='bbox 262 2993 350 3040; x_wconf 82' lang='lat' dir='ltr'><strong>arcus,</strong></span> <span class='ocrx_word' id='word_1_170' title='bbox 368 2988 398 3034; x_wconf 89' lang='lat' dir='ltr'><strong>et</strong></span> <span class='ocrx_word' id='word_1_171' title='bbox 413 2982 485 3040; x_wconf 90' lang='lat' dir='ltr'><strong>mihi</strong></span> <span class='ocrx_word' id='word_1_172' title='bbox 500 2987 562 3043; x_wconf 87' lang='lat' dir='ltr'><strong>tela</strong></span> <span class='ocrx_word' id='word_1_173' title='bbox 575 2989 710 3045; x_wconf 65' lang='lat' dir='ltr'><strong>inbensz</strong></span> 
     </span>
    </p>
   </div>
   <div class='ocr_carea' id='block_1_7' title="bbox 0 0 920 3216">
    <p class='ocr_par' dir='ltr' id='par_1_14' title="bbox 0 0 920 3216">
     <span class='ocr_line' id='line_1_26' title="bbox 0 0 920 3216; baseline 0 1"><span class='ocrx_word' id='word_1_174' title='bbox 0 0 920 3216; x_wconf 95' lang='lat' dir='ltr'><strong> </strong></span> 
     </span>
    </p>
   </div>
  </div>
 </body>
</html>
