<?xml version="1.0" encoding="UTF-8"?>
<!DOCTYPE html PUBLIC "-//W3C//DTD XHTML 1.0 Transitional//EN"
    "http://www.w3.org/TR/xhtml1/DTD/xhtml1-transitional.dtd">
<html xmlns="http://www.w3.org/1999/xhtml" xml:lang="en" lang="en">
 <head>
  <title>
</title>
<meta http-equiv="Content-Type" content="text/html;charset=utf-8" />
  <meta name='ocr-system' content='tesseract 3.04.00' />
  <meta name='ocr-capabilities' content='ocr_page ocr_carea ocr_par ocr_line ocrx_word'/>
</head>
<body>
  <div class='ocr_page' id='page_1' title='image "./poeticalworksla00bourgoog_0140.png"; bbox 0 0 1830 3216; ppageno 0'>
   <div class='ocr_carea' id='block_1_1' title="bbox 318 89 850 139">
    <p class='ocr_par' dir='ltr' id='par_1_1' title="bbox 318 89 850 139">
     <span class='ocr_line' id='line_1_1' title="bbox 318 89 850 139; baseline 0.008 -4"><span class='ocrx_word' id='word_1_1' title='bbox 318 98 389 138; x_wconf 81' lang='lat' dir='ltr'><strong>auus</strong></span> <span class='ocrx_word' id='word_1_2' title='bbox 408 92 572 136; x_wconf 69' lang='lat' dir='ltr'><strong>saona&#39;anrs.</strong></span> <span class='ocrx_word' id='word_1_3' title='bbox 802 89 850 139; x_wconf 73' lang='lat'><strong>121</strong></span> 
     </span>
    </p>
   </div>
   <div class='ocr_carea' id='block_1_2' title="bbox 62 236 776 1467">
    <p class='ocr_par' dir='ltr' id='par_1_2' title="bbox 62 236 776 888">
     <span class='ocr_line' id='line_1_2' title="bbox 62 236 698 307; baseline 0 -16"><span class='ocrx_word' id='word_1_4' title='bbox 62 237 173 292; x_wconf 83' lang='lat' dir='ltr'><strong>.xcelso</strong></span> <span class='ocrx_word' id='word_1_5' title='bbox 185 253 202 290; x_wconf 90' lang='lat' dir='ltr'><strong>a</strong></span> <span class='ocrx_word' id='word_1_6' title='bbox 213 236 280 291; x_wconf 90' lang='lat' dir='ltr'><strong>solio</strong></span> <span class='ocrx_word' id='word_1_7' title='bbox 293 237 387 305; x_wconf 86' lang='lat' dir='ltr'><strong>procul</strong></span> <span class='ocrx_word' id='word_1_8' title='bbox 399 238 541 291; x_wconf 88' lang='lat' dir='ltr'><strong>observare</strong></span> <span class='ocrx_word' id='word_1_9' title='bbox 554 238 698 307; x_wconf 80' lang='lat' dir='ltr'><strong>procellam</strong></span> 
     </span>
     <span class='ocr_line' id='line_1_3' title="bbox 62 334 769 405; baseline 0 -15"><span class='ocrx_word' id='word_1_10' title='bbox 62 337 229 397; x_wconf 64' lang='lat' dir='ltr'><strong>lucentem,</strong></span> <span class='ocrx_word' id='word_1_11' title='bbox 245 341 273 388; x_wconf 90' lang='lat' dir='ltr'><strong>et</strong></span> <span class='ocrx_word' id='word_1_12' title='bbox 284 334 347 389; x_wconf 90' lang='lat' dir='ltr'><strong>belli</strong></span> <span class='ocrx_word' id='word_1_13' title='bbox 358 336 458 405; x_wconf 90' lang='lat' dir='ltr'><strong>primos</strong></span> <span class='ocrx_word' id='word_1_14' title='bbox 470 352 641 404; x_wconf 83' lang='lat' dir='ltr'><strong>compescere</strong></span> <span class='ocrx_word' id='word_1_15' title='bbox 652 337 769 397; x_wconf 85' lang='lat' dir='ltr'><strong>fluetus;</strong></span> 
     </span>
     <span class='ocr_line' id='line_1_4' title="bbox 62 430 776 500; baseline 0 -14"><span class='ocrx_word' id='word_1_16' title='bbox 62 435 228 486; x_wconf 86' lang='lat' dir='ltr'><strong>&#39;ontraotam</strong></span> <span class='ocrx_word' id='word_1_17' title='bbox 241 437 344 484; x_wconf 89' lang='lat' dir='ltr'><strong>terrore</strong></span> <span class='ocrx_word' id='word_1_18' title='bbox 357 430 473 500; x_wconf 77' lang='lat' dir='ltr'><strong>Europae</strong></span> <span class='ocrx_word' id='word_1_19' title='bbox 485 432 638 500; x_wconf 86' lang='lat' dir='ltr'><strong>expandere</strong></span> <span class='ocrx_word' id='word_1_20' title='bbox 650 431 776 495; x_wconf 87' lang='lat' dir='ltr'><strong>frontem,</strong></span> 
     </span>
     <span class='ocr_line' id='line_1_5' title="bbox 62 527 767 597; baseline 0.004 -18"><span class='ocrx_word' id='word_1_21' title='bbox 62 535 163 583; x_wconf 79' lang='lat' dir='ltr'><strong>lucere</strong></span> <span class='ocrx_word' id='word_1_22' title='bbox 176 528 204 581; x_wconf 90' lang='lat' dir='ltr'><strong>in</strong></span> <span class='ocrx_word' id='word_1_23' title='bbox 216 527 369 596; x_wconf 87' lang='lat' dir='ltr'><strong>amplexum</strong></span> <span class='ocrx_word' id='word_1_24' title='bbox 382 527 505 597; x_wconf 89' lang='lat' dir='ltr'><strong>populos,</strong></span> <span class='ocrx_word' id='word_1_25' title='bbox 520 534 549 581; x_wconf 92' lang='lat' dir='ltr'><strong>et</strong></span> <span class='ocrx_word' id='word_1_26' title='bbox 559 527 659 582; x_wconf 86' lang='lat' dir='ltr'><strong>ioedere</strong></span> <span class='ocrx_word' id='word_1_27' title='bbox 670 535 767 597; x_wconf 83' lang='lat' dir='ltr'><strong>gentes</strong></span> 
     </span>
     <span class='ocr_line' id='line_1_6' title="bbox 62 623 723 694; baseline -0.006 -15"><span class='ocrx_word' id='word_1_28' title='bbox 62 642 181 694; x_wconf 84' lang='lat' dir='ltr'><strong>ungere,</strong></span> <span class='ocrx_word' id='word_1_29' title='bbox 197 624 264 677; x_wconf 91' lang='lat' dir='ltr'><strong>etin</strong></span> <span class='ocrx_word' id='word_1_30' title='bbox 276 640 370 693; x_wconf 87' lang='lat' dir='ltr'><strong>pacem</strong></span> <span class='ocrx_word' id='word_1_31' title='bbox 381 623 512 678; x_wconf 80' lang='lat' dir='ltr'><strong>luctantia</strong></span> <span class='ocrx_word' id='word_1_32' title='bbox 523 641 620 693; x_wconf 85' lang='lat' dir='ltr'><strong>cogere</strong></span> <span class='ocrx_word' id='word_1_33' title='bbox 633 641 723 693; x_wconf 82' lang='lat' dir='ltr'><strong>regna.</strong></span> 
     </span>
     <span class='ocr_line' id='line_1_7' title="bbox 62 719 766 790; baseline 0.003 -18"><span class='ocrx_word' id='word_1_34' title='bbox 62 722 146 790; x_wconf 80' lang='lat' dir='ltr'><strong>[tque</strong></span> <span class='ocrx_word' id='word_1_35' title='bbox 159 727 234 774; x_wconf 86' lang='lat' dir='ltr'><strong>tuam</strong></span> <span class='ocrx_word' id='word_1_36' title='bbox 246 719 352 773; x_wconf 83' lang='lat' dir='ltr'><strong>adversi</strong></span> <span class='ocrx_word' id='word_1_37' title='bbox 363 735 449 788; x_wconf 85' lang='lat' dir='ltr'><strong>nuper</strong></span> <span class='ocrx_word' id='word_1_38' title='bbox 463 736 526 774; x_wconf 91' lang='lat' dir='ltr'><strong>cum</strong></span> <span class='ocrx_word' id='word_1_39' title='bbox 538 737 678 774; x_wconf 90' lang='lat' dir='ltr'><strong>murmure</strong></span> <span class='ocrx_word' id='word_1_40' title='bbox 689 721 766 775; x_wconf 86' lang='lat' dir='ltr'><strong>venti</strong></span> 
     </span>
     <span class='ocr_line' id='line_1_8' title="bbox 62 817 712 888; baseline -0.003 -15"><span class='ocrx_word' id='word_1_41' title='bbox 62 821 187 888; x_wconf 76' lang='lat' dir='ltr'><strong>&#39;tangere</strong></span> <span class='ocrx_word' id='word_1_42' title='bbox 199 817 332 886; x_wconf 80' lang='lat' dir='ltr'><strong>paulisper</strong></span> <span class='ocrx_word' id='word_1_43' title='bbox 344 818 441 876; x_wconf 88' lang='lat' dir='ltr'><strong>conati,</strong></span> <span class='ocrx_word' id='word_1_44' title='bbox 456 834 537 886; x_wconf 88' lang='lat' dir='ltr'><strong>egere</strong></span> <span class='ocrx_word' id='word_1_45' title='bbox 550 818 712 872; x_wconf 82' lang='lat' dir='ltr'><strong>Britannum</strong></span> 
     </span>
    </p>

    <p class='ocr_par' dir='ltr' id='par_1_3' title="bbox 62 914 768 1364">
     <span class='ocr_line' id='line_1_9' title="bbox 62 914 736 985; baseline -0.004 -14"><span class='ocrx_word' id='word_1_46' title='bbox 62 918 93 971; x_wconf 73' lang='lat' dir='ltr'><strong>ld</strong></span> <span class='ocrx_word' id='word_1_47' title='bbox 106 923 227 985; x_wconf 88' lang='lat' dir='ltr'><strong>portum,</strong></span> <span class='ocrx_word' id='word_1_48' title='bbox 242 922 270 969; x_wconf 88' lang='lat' dir='ltr'><strong>et</strong></span> <span class='ocrx_word' id='word_1_49' title='bbox 282 922 343 969; x_wconf 89' lang='lat' dir='ltr'><strong>tuto</strong></span> <span class='ocrx_word' id='word_1_50' title='bbox 354 932 470 984; x_wconf 90' lang='lat' dir='ltr'><strong>posuere</strong></span> <span class='ocrx_word' id='word_1_51' title='bbox 482 914 510 968; x_wconf 92' lang='lat' dir='ltr'><strong>in</strong></span> <span class='ocrx_word' id='word_1_52' title='bbox 522 915 613 969; x_wconf 86' lang='lat' dir='ltr'><strong>littore</strong></span> <span class='ocrx_word' id='word_1_53' title='bbox 625 925 736 970; x_wconf 83' lang='lat' dir='ltr'><strong>navem:</strong></span> 
     </span>
     <span class='ocr_line' id='line_1_10' title="bbox 62 1010 735 1082; baseline -0.004 -15"><span class='ocrx_word' id='word_1_54' title='bbox 62 1013 92 1068; x_wconf 85' lang='lat' dir='ltr'><strong>do</strong></span> <span class='ocrx_word' id='word_1_55' title='bbox 107 1010 235 1082; x_wconf 76' lang='lat' dir='ltr'><strong>quaejam</strong></span> <span class='ocrx_word' id='word_1_56' title='bbox 248 1017 364 1079; x_wconf 84' lang='lat' dir='ltr'><strong>stragem</strong></span> <span class='ocrx_word' id='word_1_57' title='bbox 376 1010 492 1064; x_wconf 86' lang='lat' dir='ltr'><strong>intentat</strong></span> <span class='ocrx_word' id='word_1_58' title='bbox 503 1010 624 1065; x_wconf 75' lang='lat' dir='ltr'><strong>fadeibus</strong></span> <span class='ocrx_word' id='word_1_59' title='bbox 640 1011 735 1080; x_wconf 87' lang='lat' dir='ltr'><strong>Anglis</strong></span> 
     </span>
     <span class='ocr_line' id='line_1_11' title="bbox 62 1105 768 1177; baseline -0.004 -15"><span class='ocrx_word' id='word_1_60' title='bbox 62 1109 218 1177; x_wconf 63' lang='lat' dir='ltr'><strong>lempestas,</strong></span> <span class='ocrx_word' id='word_1_61' title='bbox 233 1106 361 1174; x_wconf 80' lang='lat' dir='ltr'><strong>saevitque</strong></span> <span class='ocrx_word' id='word_1_62' title='bbox 373 1105 460 1167; x_wconf 89' lang='lat' dir='ltr'><strong>minis,</strong></span> <span class='ocrx_word' id='word_1_63' title='bbox 476 1113 643 1175; x_wconf 88' lang='lat' dir='ltr'><strong>martemque</strong></span> <span class='ocrx_word' id='word_1_64' title='bbox 654 1106 768 1169; x_wconf 84' lang='lat' dir='ltr'><strong>lacessit,</strong></span> 
     </span>
     <span class='ocr_line' id='line_1_12' title="bbox 62 1202 715 1272; baseline -0.006 -12"><span class='ocrx_word' id='word_1_65' title='bbox 62 1207 90 1260; x_wconf 62' lang='lat' dir='ltr'><strong>fe</strong></span> <span class='ocrx_word' id='word_1_66' title='bbox 102 1203 224 1258; x_wconf 88' lang='lat' dir='ltr'><strong>medium</strong></span> <span class='ocrx_word' id='word_1_67' title='bbox 237 1202 300 1257; x_wconf 90' lang='lat' dir='ltr'><strong>belli</strong></span> <span class='ocrx_word' id='word_1_68' title='bbox 310 1202 437 1272; x_wconf 87' lang='lat' dir='ltr'><strong>pacisque</strong></span> <span class='ocrx_word' id='word_1_69' title='bbox 448 1203 495 1257; x_wconf 93' lang='lat' dir='ltr'><strong>ubi</strong></span> <span class='ocrx_word' id='word_1_70' title='bbox 507 1203 628 1265; x_wconf 86' lang='lat' dir='ltr'><strong>senserit,</strong></span> <span class='ocrx_word' id='word_1_71' title='bbox 643 1203 715 1257; x_wconf 90' lang='lat' dir='ltr'><strong>ultro</strong></span> 
     </span>
     <span class='ocr_line' id='line_1_13' title="bbox 62 1300 709 1364; baseline -0.005 -7"><span class='ocrx_word' id='word_1_72' title='bbox 62 1319 187 1357; x_wconf 88' lang='lat' dir='ltr'><strong>nnocuos</strong></span> <span class='ocrx_word' id='word_1_73' title='bbox 197 1301 297 1355; x_wconf 85' lang='lat' dir='ltr'><strong>fluctus</strong></span> <span class='ocrx_word' id='word_1_74' title='bbox 311 1300 454 1354; x_wconf 86' lang='lat' dir='ltr'><strong>Britonum</strong></span> <span class='ocrx_word' id='word_1_75' title='bbox 466 1301 592 1355; x_wconf 85' lang='lat' dir='ltr'><strong>devolvet</strong></span> <span class='ocrx_word' id='word_1_76' title='bbox 604 1303 637 1355; x_wconf 87' lang='lat' dir='ltr'><strong>ab</strong></span> <span class='ocrx_word' id='word_1_77' title='bbox 647 1301 709 1364; x_wconf 87' lang='lat' dir='ltr'><strong>oris,</strong></span> 
     </span>
    </p>

    <p class='ocr_par' dir='ltr' id='par_1_4' title="bbox 62 1397 664 1467">
     <span class='ocr_line' id='line_1_14' title="bbox 62 1397 664 1467; baseline -0.005 -14"><span class='ocrx_word' id='word_1_78' title='bbox 62 1399 84 1453; x_wconf 85' lang='lat' dir='ltr'><strong>lt</strong></span> <span class='ocrx_word' id='word_1_79' title='bbox 95 1399 197 1453; x_wconf 81' lang='lat' dir='ltr'><strong>frustra</strong></span> <span class='ocrx_word' id='word_1_80' title='bbox 207 1397 327 1467; x_wconf 86' lang='lat' dir='ltr'><strong>inceptas</strong></span> <span class='ocrx_word' id='word_1_81' title='bbox 339 1404 423 1465; x_wconf 89' lang='lat' dir='ltr'><strong>ponet</strong></span> <span class='ocrx_word' id='word_1_82' title='bbox 435 1398 592 1452; x_wconf 81' lang='lat' dir='ltr'><strong>subinissior</strong></span> <span class='ocrx_word' id='word_1_83' title='bbox 604 1398 664 1451; x_wconf 87' lang='lat' dir='ltr'><strong>iras.</strong></span> 
     </span>
    </p>
   </div>
   <div class='ocr_carea' id='block_1_3' title="bbox 258 1803 693 1860">
    <p class='ocr_par' dir='ltr' id='par_1_5' title="bbox 258 1803 693 1860">
     <span class='ocr_line' id='line_1_15' title="bbox 258 1803 693 1860; baseline -0.011 0"><span class='ocrx_word' id='word_1_84' title='bbox 258 1806 364 1860; x_wconf 79' lang='lat' dir='ltr'><strong>ANUS</strong></span> <span class='ocrx_word' id='word_1_85' title='bbox 383 1803 627 1860; x_wconf 85' lang='lat' dir='ltr'>SAECULARIS:</span> <span class='ocrx_word' id='word_1_86' title='bbox 690 1832 693 1837; x_wconf 89' lang='lat'>-</span> 
     </span>
    </p>
   </div>
   <div class='ocr_carea' id='block_1_4' title="bbox 68 1962 814 2086">
    <p class='ocr_par' dir='ltr' id='par_1_6' title="bbox 68 1962 814 2086">
     <span class='ocr_line' id='line_1_16' title="bbox 68 1962 814 2007; baseline -0.005 -6"><span class='ocrx_word' id='word_1_87' title='bbox 68 1964 128 2001; x_wconf 73' lang='lat' dir='ltr'><strong>uua</strong></span> <span class='ocrx_word' id='word_1_88' title='bbox 145 1964 249 1999; x_wconf 80' lang='lat' dir='ltr'><strong>susraar</strong></span> <span class='ocrx_word' id='word_1_89' title='bbox 267 1965 377 2000; x_wconf 76' lang='lat' dir='ltr'><strong>esurum</strong></span> <span class='ocrx_word' id='word_1_90' title='bbox 395 1965 529 2000; x_wconf 81' lang='lat' dir='ltr'><strong>anuoauu</strong></span> <span class='ocrx_word' id='word_1_91' title='bbox 548 1963 673 2007; x_wconf 74' lang='lat' dir='ltr'><strong>nuaram,</strong></span> <span class='ocrx_word' id='word_1_92' title='bbox 691 1962 751 1997; x_wconf 81' lang='lat' dir='ltr'><strong>rrso</strong></span> <span class='ocrx_word' id='word_1_93' title='bbox 769 1963 814 1997; x_wconf 82' lang='lat' dir='ltr'><strong>nra</strong></span> 
     </span>
     <span class='ocr_line' id='line_1_17' title="bbox 139 2026 740 2086; baseline -0.002 -11"><span class='ocrx_word' id='word_1_94' title='bbox 139 2042 248 2086; x_wconf 77' lang='lat' dir='ltr'><strong>narrar,</strong></span> <span class='ocrx_word' id='word_1_95' title='bbox 261 2041 391 2076; x_wconf 80' lang='lat' dir='ltr'><strong>nxrnavrr</strong></span> <span class='ocrx_word' id='word_1_96' title='bbox 403 2042 436 2076; x_wconf 81' lang='lat' dir='ltr'><strong>an</strong></span> <span class='ocrx_word' id='word_1_97' title='bbox 449 2041 570 2085; x_wconf 72' lang='lat' dir='ltr'><strong>carosus,</strong></span> <span class='ocrx_word' id='word_1_98' title='bbox 584 2041 657 2075; x_wconf 82' lang='lat' dir='ltr'><strong>auno</strong></span> <span class='ocrx_word' id='word_1_99' title='bbox 671 2026 740 2077; x_wconf 79' lang='lat'>1728.</span> 
     </span>
    </p>
   </div>
   <div class='ocr_carea' id='block_1_5' title="bbox 111 2166 710 2507">
    <p class='ocr_par' dir='ltr' id='par_1_7' title="bbox 113 2166 610 2235">
     <span class='ocr_line' id='line_1_18' title="bbox 113 2166 610 2235; baseline -0.004 -16"><span class='ocrx_word' id='word_1_100' title='bbox 113 2166 282 2220; x_wconf 82' lang='lat' dir='ltr'><strong>Sraonaaars</strong></span> <span class='ocrx_word' id='word_1_101' title='bbox 292 2166 444 2235; x_wconf 84' lang='lat' dir='ltr'><strong>prodigium</strong></span> <span class='ocrx_word' id='word_1_102' title='bbox 457 2183 475 2218; x_wconf 95' lang='lat' dir='ltr'><strong>o</strong></span> <span class='ocrx_word' id='word_1_103' title='bbox 487 2171 610 2226; x_wconf 86' lang='lat' dir='ltr'><strong>senectae‚</strong></span> 
     </span>
    </p>

    <p class='ocr_par' dir='ltr' id='par_1_8' title="bbox 111 2257 640 2330">
     <span class='ocr_line' id='line_1_19' title="bbox 111 2257 640 2330; baseline -0.006 -15"><span class='ocrx_word' id='word_1_104' title='bbox 111 2261 147 2315; x_wconf 84' lang='lat' dir='ltr'><strong>Et</strong></span> <span class='ocrx_word' id='word_1_105' title='bbox 159 2278 261 2315; x_wconf 82' lang='lat' dir='ltr'><strong>novum</strong></span> <span class='ocrx_word' id='word_1_106' title='bbox 274 2262 427 2330; x_wconf 84' lang='lat' dir='ltr'><strong>exemplum</strong></span> <span class='ocrx_word' id='word_1_107' title='bbox 440 2257 640 2315; x_wconf 85' lang='lat' dir='ltr'><strong>diuturnitatis!</strong></span> 
     </span>
    </p>

    <p class='ocr_par' dir='ltr' id='par_1_9' title="bbox 111 2357 710 2507">
     <span class='ocr_line' id='line_1_20' title="bbox 111 2357 611 2429; baseline -0.002 -18"><span class='ocrx_word' id='word_1_108' title='bbox 111 2357 198 2429; x_wconf 86' lang='lat' dir='ltr'><strong>Cujus</strong></span> <span class='ocrx_word' id='word_1_109' title='bbox 210 2374 342 2411; x_wconf 88' lang='lat' dir='ltr'><strong>annorum</strong></span> <span class='ocrx_word' id='word_1_110' title='bbox 356 2357 440 2411; x_wconf 87' lang='lat' dir='ltr'><strong>series</strong></span> <span class='ocrx_word' id='word_1_111' title='bbox 452 2357 480 2410; x_wconf 89' lang='lat' dir='ltr'><strong>in</strong></span> <span class='ocrx_word' id='word_1_112' title='bbox 492 2357 611 2425; x_wconf 82' lang='lat' dir='ltr'><strong>amplum</strong></span> 
     </span>
     <span class='ocr_line' id='line_1_21' title="bbox 480 2451 710 2507; baseline -0.009 0"><span class='ocrx_word' id='word_1_113' title='bbox 480 2452 587 2507; x_wconf 85' lang='lat' dir='ltr'><strong>Desinit</strong></span> <span class='ocrx_word' id='word_1_114' title='bbox 599 2453 693 2506; x_wconf 91' lang='lat' dir='ltr'><strong>orbem</strong></span> <span class='ocrx_word' id='word_1_115' title='bbox 704 2451 710 2504; x_wconf 93' lang='lat'>!</span> 
     </span>
    </p>
   </div>
   <div class='ocr_carea' id='block_1_6' title="bbox 104 2643 785 3004">
    <p class='ocr_par' dir='ltr' id='par_1_10' title="bbox 107 2643 671 2716">
     <span class='ocr_line' id='line_1_22' title="bbox 107 2643 671 2716; baseline -0.002 -17"><span class='ocrx_word' id='word_1_116' title='bbox 107 2646 212 2716; x_wconf 79' lang='lat' dir='ltr'><strong>Vulgus</strong></span> <span class='ocrx_word' id='word_1_117' title='bbox 223 2646 317 2701; x_wconf 85' lang='lat' dir='ltr'><strong>infelix</strong></span> <span class='ocrx_word' id='word_1_118' title='bbox 329 2647 478 2710; x_wconf 89' lang='lat' dir='ltr'><strong>hominum,</strong></span> <span class='ocrx_word' id='word_1_119' title='bbox 493 2645 558 2709; x_wconf 86' lang='lat' dir='ltr'><strong>dies,</strong></span> <span class='ocrx_word' id='word_1_120' title='bbox 574 2643 625 2699; x_wconf 86' lang='lat' dir='ltr'><strong>eni</strong></span> <span class='ocrx_word' id='word_1_121' title='bbox 669 2686 671 2690; x_wconf 85' lang='lat'><em>.</em></span> 
     </span>
    </p>

    <p class='ocr_par' dir='ltr' id='par_1_11' title="bbox 107 2738 671 2812">
     <span class='ocr_line' id='line_1_23' title="bbox 107 2738 671 2812; baseline -0.004 -17"><span class='ocrx_word' id='word_1_122' title='bbox 107 2742 244 2811; x_wconf 86' lang='lat' dir='ltr'><strong>Compnto</strong></span> <span class='ocrx_word' id='word_1_123' title='bbox 256 2758 336 2811; x_wconf 84' lang='lat' dir='ltr'><strong>quam</strong></span> <span class='ocrx_word' id='word_1_124' title='bbox 350 2743 453 2812; x_wconf 85' lang='lat' dir='ltr'><strong>dispare</strong></span> <span class='ocrx_word' id='word_1_125' title='bbox 466 2738 671 2811; x_wconf 83' lang='lat' dir='ltr'><strong>computamus!</strong></span> 
     </span>
    </p>

    <p class='ocr_par' dir='ltr' id='par_1_12' title="bbox 104 2840 785 3004">
     <span class='ocr_line' id='line_1_24' title="bbox 104 2840 690 2917; baseline 0.002 -25"><span class='ocrx_word' id='word_1_126' title='bbox 104 2840 192 2900; x_wconf 77' lang='lat' dir='ltr'><strong>Quam</strong></span> <span class='ocrx_word' id='word_1_127' title='bbox 206 2846 253 2895; x_wconf 88' lang='lat' dir='ltr'><strong>tua</strong></span> <span class='ocrx_word' id='word_1_128' title='bbox 264 2858 281 2896; x_wconf 90' lang='lat' dir='ltr'><strong>a</strong></span> <span class='ocrx_word' id='word_1_129' title='bbox 292 2858 402 2899; x_wconf 87' lang='lat' dir='ltr'><strong>summa</strong></span> <span class='ocrx_word' id='word_1_130' title='bbox 413 2842 515 2917; x_wconf 92' lang='lat' dir='ltr'><strong>procul</strong></span> <span class='ocrx_word' id='word_1_131' title='bbox 524 2848 569 2898; x_wconf 87' lang='lat' dir='ltr'><strong>est</strong></span> <span class='ocrx_word' id='word_1_132' title='bbox 579 2846 690 2896; x_wconf 78' lang='lat' dir='ltr'><strong>remota</strong></span> 
     </span>
     <span class='ocr_line' id='line_1_25' title="bbox 491 2931 785 3004; baseline -0.065 1"><span class='ocrx_word' id='word_1_133' title='bbox 491 2943 653 3004; x_wconf 64' lang='lat' dir='ltr'><strong>summula</strong></span> <span class='ocrx_word' id='word_1_134' title='bbox 661 2931 785 2994; x_wconf 61' lang='lat' dir='ltr'><strong>nostadi</strong></span> 
     </span>
    </p>
   </div>
   <div class='ocr_carea' id='block_1_7' title="bbox 761 3048 789 3083">
    <p class='ocr_par' dir='ltr' id='par_1_13' title="bbox 761 3048 789 3083">
     <span class='ocr_line' id='line_1_26' title="bbox 761 3048 789 3083; baseline 0 0"><span class='ocrx_word' id='word_1_135' title='bbox 761 3048 789 3083; x_wconf 73' lang='lat' dir='ltr'><strong>u</strong></span> 
     </span>
    </p>
   </div>
   <div class='ocr_carea' id='block_1_8' title="bbox 0 0 920 3216">
    <p class='ocr_par' dir='ltr' id='par_1_14' title="bbox 0 0 920 3216">
     <span class='ocr_line' id='line_1_27' title="bbox 0 0 920 3216; baseline 0 0"><span class='ocrx_word' id='word_1_136' title='bbox 0 0 920 3216; x_wconf 95' lang='lat' dir='ltr'><strong> </strong></span> 
     </span>
    </p>
   </div>
  </div>
 </body>
</html>
