1830 3216
414 138 515 175 uuscr.
832 126 867 180 87

68 276 193 344 Longum
206 277 258 339 illa,
274 279 300 331 iu
313 279 434 349 longum,
450 297 511 349 quoe
526 280 599 333 nullu
610 278 757 332 aboleverit
771 283 840 338 utos,

102 372 240 442 Nullaque
252 377 408 429 morborum
421 377 469 437 vis,
486 383 663 429 monumenta
675 381 801 427 mauent2

65 469 192 538 Namque
204 471 286 524 decor
298 473 381 526 simul
394 475 480 526 omnis
494 475 569 526 abest
583 480 610 526 et
623 473 707 541 gratia
718 472 825 530 formae;

100 565 206 635 Fitque,
223 570 295 637 quod
308 571 391 623 aetatis
406 577 496 632 restat,
511 570 609 623 amoris
621 570 735 640 hyems;

64 662 170 716 Crescit
181 664 303 717 amicitiae
315 666 403 718 suavis
417 665 603 733 reputantibus
616 682 691 727 usus,

101 761 192 821 Quom
205 761 248 814 vel
260 762 348 815 adhuc
360 763 428 831 grati
440 763 591 831 praeteriere
605 763 669 815 dies.

63 859 192 926 Quaeque
204 860 331 913 retardari
343 867 457 928 possunt
470 876 518 928 per
530 859 731 912 nullaseneotae

98 956 218 1025 Frigora,
233 963 365 1025 perpetuo
377 957 474 1026 gaudia
484 956 561 1010 fonte
572 956 671 1010 fluunt.

393 1321 538 1376 MUSCA.

133 1521 256 1584 Porrus,
271 1539 372 1584 musea,
388 1525 422 1576 de
437 1529 499 1576 meo
513 1530 560 1576 aut
573 1522 668 1591 quovis
681 1522 792 1591 scypho,

132 1618 241 1681 Vooata,
256 1635 311 1674 non
325 1628 426 1682 vocata,
442 1637 558 1688 praesens
570 1621 682 1681 advena,

136 1717 248 1769 Lubens
260 1717 401 1786 libensque
414 1718 546 1771 curiosam
563 1719 640 1786 exple
653 1717 733 1778 sitim,

133 1811 240 1865 Sicoare
252 1819 342 1865 totum
355 1813 379 1866 si
391 1813 491 1867 valebis
504 1814 633 1881 poculum
646 1836 652 1865 ι

130 1906 194 1960 AEvi
206 1906 308 1974 fugacis
321 1907 483 1975 punctulum
497 1924 583 1975 carpe,
599 1907 703 1975 arripe3

132 2003 203 2065 AEvi,
219 2003 291 2071 quod
305 2002 415 2057 interire
429 2003 515 2072 pergit
528 2004 622 2057 indies.

132 2196 282 2265 Utriusque
294 2196 349 2248 vita
363 2204 496 2264 properat,
512 2203 539 2249 et
552 2204 599 2249 tua
612 2204 639 2249 et
653 2213 718 2257 mea,

133 2292 179 2345 Ad
191 2292 294 2345 exitum
308 2309 390 2346 cursu
402 2293 513 2345 incitato
528 2309 639 2361 vergere
650 2315 656 2353 ;

132 2389 222 2442 AEstas
235 2396 296 2449 tuae,
311 2407 362 2442 neo
374 2389 488 2457 amplius
501 2390 617 2457 spatium
632 2396 672 2442 est
685 2406 759 2449 meae,

133 2486 177 2539 Ad
190 2486 230 2539 bis
242 2486 358 2540 tricenas
371 2503 458 2555 usque
472 2486 495 2539 si
508 2487 577 2539 redit
591 2487 680 2547 vices:

132 2583 202 2636 Cum
215 2583 359 2652 preteribit
373 2583 411 2636 bis
424 2582 533 2644 tricena,
548 2584 629 2636 sicuti

131 2678 219 2733 Unius
232 2679 330 2732 estatis
343 2678 478 2731 videbitur
490 2678 563 2747 fuga.
