1830 3216
265 85 359 142 vorum
379 105 494 143 sacroru
513 107 535 143 s.
762 93 798 143 53

62 242 218 305 terentibus
241 242 330 311 quoad
346 241 418 295 licita
438 250 465 295 et
484 241 609 302 innocua,
626 239 716 292 omnia
734 248 799 294 sunt

62 370 84 406 a.
125 352 162 405 Et
187 352 314 421 quoniam
339 352 472 421 pleraque
497 352 523 403 in
549 350 642 404 futuro
663 358 728 403 sunt
751 367 797 403 vo-

62 467 119 522 ttes,
135 460 254 528 optando
267 459 379 513 facimus
392 459 585 527 presentiores,
598 467 625 512 et
638 460 797 527 conspectui

62 571 102 624 ius
127 571 313 624 admovemus.
366 568 566 638 Contemplatio
594 577 636 622 est
660 569 794 638 quoddam

62 680 100 732 rdi
122 695 227 748 genum
257 685 284 732 et
306 678 458 746 expectatio
482 679 646 741 deliciarum,
670 680 796 734 absentiae

62 787 193 840 ammodo
213 793 254 839 est
273 785 399 839 solatium
449 785 543 855 Itaque
562 787 716 867 aequissimo
730 788 795 857 jure

62 896 81 949 it
93 902 159 950 voto
172 895 313 965 indulgere
326 912 376 949 neo
386 895 502 948 infaceto
515 912 566 949 nec
579 896 707 960 illiberali,
721 900 794 966 quod

62 1004 128 1056 entia
140 1003 288 1056 senectutis
301 1002 479 1065 incommoda,
492 1003 583 1056 sinon
596 1011 654 1057 tota
663 1006 793 1072 repellere

62 1111 166 1175 morari,
181 1112 331 1166 diminuere
343 1117 417 1165 certe
428 1118 518 1178 potest
531 1119 558 1165 et
571 1112 691 1166 delinire.

63 1239 82 1276 u
97 1222 220 1291 Angliois
238 1222 384 1276 lectoribus
402 1221 510 1289 placuit,
527 1221 635 1290 diuque,
658 1229 688 1276 ut
706 1240 791 1293 augu-

62 1348 87 1392 r,
124 1331 239 1400 placebit
270 1332 434 1386 celebratum
465 1331 517 1384 hoc
548 1332 728 1399 opusculum:
764 1343 791 1388 et

62 1441 155 1494 ‚vimus
179 1441 283 1494 auctori
309 1447 402 1494 nostro
433 1457 488 1494 non
519 1440 647 1508 injurium
674 1440 741 1504 iore,
768 1444 791 1496 si

62 1568 69 1605 r
102 1550 183 1604 etiam
214 1551 361 1620 legendum
399 1549 596 1604 exhiberemus.
648 1549 680 1603 ld
717 1558 790 1604 certe

62 1662 148 1723 rimus,
162 1660 305 1720 utiterum
319 1660 426 1721 exteris,
438 1656 508 1727 apud
522 1675 590 1728 quos
603 1660 789 1728 peregrinatus

64 1779 196 1841 quantum
226 1787 274 1838 per
299 1786 349 1823 nos
373 1777 472 1838 posset,
501 1777 581 1822 vetus
605 1770 788 1823 innotesceret

62 1897 101 1939 es;
130 1877 254 1940 etfama,
279 1894 332 1947 qua
351 1877 437 1930 semel
458 1877 557 1940 floruit,
585 1877 620 1930 de
644 1893 716 1930 novo
741 1877 786 1930 ali-

62 1990 147 2043 tulum
161 1987 340 2041 revivisceret.
368 1986 411 2039 De
425 1987 502 2039 nobis
514 1986 580 2039 nihil
589 1986 647 2040 ausi
657 1987 784 2054 polliceri,

74 2099 169 2159 lector,
196 2096 390 2150 benevolentia
413 2103 554 2164 acceptum
580 2095 735 2158 referemus,
763 2097 786 2150 si

62 2207 116 2260 anis
130 2206 239 2260 auribus
257 2222 313 2258 non
331 2186 444 2272 prodeat
463 2205 573 2258 omnino
592 2205 736 2274 indignus;
763 2207 786 2259 si

62 2356 68 2378 ,
99 2315 261 2384 quibuscum
280 2315 305 2368 ei
329 2314 408 2367 docta
432 2313 584 2366 intercessit
603 2314 781 2375 consuetudo,

64 2423 151 2477 multo
171 2423 305 2491 ingratior,
328 2423 356 2475 in
378 2423 427 2475 hac
446 2422 526 2475 etiam
548 2421 679 2482 versione,
703 2437 782 2489 quarn

62 2540 95 2585 est
107 2532 135 2584 in
148 2532 241 2600 lingua
254 2531 398 2584 vernacula
409 2530 590 2599 popularibus.

62 2688 63 2692 ,
88 2639 229 2709 promisso,
256 2638 445 2691 annotationes
470 2637 554 2704 ipsius
576 2636 694 2689 auctoris
718 2637 782 2689 sub-

62 2768 96 2805 us
117 2749 262 2819 pauculam
293 2749 396 2805 ceteris
416 2764 449 2804 eo
474 2746 592 2804 concilio
616 2744 736 2806 omissis,
755 2760 797 2795 ne

64 2859 223 2926 videremur,
240 2862 267 2918 in
282 2881 315 2922 re
330 2882 388 2922 non
403 2883 525 2940 prorsus
538 2857 717 2920 necessaria.
752 2850 827 2904 idat

62 2983 68 3018 r
82 2975 246 3033 exorandus
259 2990 367 3051 restas,
386 2985 488 3043 amice
504 2984 620 3044 lector,
634 2980 673 3029 ut
692 2968 726 3023 si
736 2957 860 3034 quadiu

692 3081 709 3117 n
726 3062 750 3109 ‘d
