1830 3216
206 120 270 154 trun
290 121 341 156 PER
361 120 486 156 TAMlSlN.

49 255 76 307 bi
89 255 162 306 nuda
174 256 256 322 pedes
270 264 297 308 et
310 273 365 308 non
379 257 528 324 improvida
541 259 619 310 turba

49 366 106 402 sum
121 350 147 401 in
160 351 255 403 mediis
268 353 411 404 carbonem
426 352 527 420 colligit
540 354 628 414 undis,

49 453 94 496 int
105 445 205 497 fluctus
215 446 355 498 salientem
369 446 493 498 attollere
506 463 610 514 proram
621 469 628 506 ;

50 540 94 607 gio
107 540 213 593 infamis
225 541 301 593 locus
314 541 357 592 bic
372 541 498 608 undaque
510 541 627 594 furente.

49 645 102 686 rum·
114 636 223 688 tandem
235 636 328 687 lucum
342 636 501 705 sylvamque
515 636 638 689 videmus

49 748 94 784 aus
107 733 241 785 celebrem
254 733 341 792 varim,
357 733 402 785 ubi
416 733 525 784 densior
539 733 592 786 ilex

55 844 70 879 u
85 828 161 880 viridi
175 829 272 881 nimios
285 829 432 881 defendere
442 830 513 883 soles

49 932 109 984 reat,
121 925 231 992 junctas
244 926 323 978 ramis
336 925 502 978 sociantibus
517 927 634 978 umbras.

50 1021 100 1072 des
111 1021 173 1073 olim
187 1022 264 1073 saevis
277 1022 346 1074 male
360 1030 425 1074 nota
437 1021 546 1074 duellis:

50 1124 103 1168 itas
116 1115 201 1170 ubstis
214 1118 312 1170 diffuso
324 1119 456 1184 sanguine
469 1119 555 1170 caedes

50 1213 115 1278 impl,
131 1213 229 1265 domus
242 1221 283 1266 est
297 1231 350 1281 qua
366 1215 532 1274 Montaouta‚
548 1221 680 1281 patentes.

50 1307 135 1359 bonor
147 1309 279 1375 siquando
290 1308 410 1362 fremens
420 1309 562 1376 opprobria
574 1309 645 1361 serre

50 1419 61 1462 ;‚
76 1410 123 1455 aut
135 1401 230 1455 furiosi
242 1405 324 1456 animi
337 1405 509 1472 implacabilis
521 1406 608 1457 ardor.

50 1499 91 1550 :im
105 1499 207 1552 ultricis
220 1509 312 1567 poscat
325 1501 472 1554 certamina
484 1517 581 1569 pugnae

50 1611 93 1656 ns,
109 1597 252 1664 solumque
265 1598 329 1649 velit
343 1597 393 1650 sibi
406 1599 503 1650 damna
513 1597 624 1664 rependi

50 1693 80 1744 ud
93 1693 249 1745 arbitrium:
270 1694 318 1745 sed
332 1711 382 1746 nec
395 1694 563 1762 pugnacibus
575 1701 642 1760 aptae

50 1794 115 1846 tum,
131 1796 177 1841 aut
190 1789 257 1840 lethi
268 1788 331 1840 solis
342 1789 499 1841 horroribus
512 1789 614 1840 umbrae

50 1899 79 1939 s:
101 1884 202 1950 epulas,
218 1885 294 1951 queis
308 1892 373 1936 sunt
385 1884 510 1936 convivia
523 1901 600 1946 cura,

50 1995 94 2031 nas
107 1979 161 2031 huc
175 1996 244 2046 saepe
258 1980 366 2039 ferunt;
389 1981 441 2032 buc
455 1997 524 2047 saepe
536 1997 584 2048 per
599 1981 684 2034 undas

60 2075 185 2142 placidas,
201 2076 276 2129 venti
288 2093 351 2128 cum
364 2077 474 2143 ponitur
486 2079 532 2138 ira,

51 2174 86 2223 ria
98 2172 234 2224 oblectant
249 2173 374 2233 Tamum,
390 2173 578 2242 nymphasque
595 2191 733 2242 sequaces,

50 2309 54 2320 .
66 2269 152 2321 tacitae
165 2285 212 2335 per
225 2269 333 2321 conscia
345 2269 448 2322 lumina
460 2270 542 2323 lunae.
