1830 3216
283 440 481 494 PASSERES
503 440 732 503 INDIGENAE;

153 585 266 640 COLL.
289 583 396 638 TRIN.
420 585 538 637 CANT.
561 584 863 639 COMMENSALES.

108 770 212 824 Iucour
225 771 272 839 qui
281 769 354 824 norit
367 771 454 833 sedes,
469 779 516 824 aut
529 771 621 824 viserit
634 771 744 840 hospes,

144 867 272 920 Newtoni
285 867 385 935 egregii
397 883 464 935 quas
476 867 621 920 celebravit
634 867 742 929 honos;

107 963 236 1032 Viditque
248 971 276 1017 et
288 964 420 1026 meminit,
434 964 515 1017 laetus
527 963 642 1016 fortusse
655 964 785 1028 videndo,

145 1060 234 1120 Quam
248 1059 333 1111 multa
344 1059 378 1112 ad
390 1075 498 1112 mensas
510 1059 663 1113 advolitirit
675 1061 743 1114 avis.

109 1155 159 1209 Ille
171 1171 222 1208 nec
236 1156 350 1224 ignorat,
365 1156 443 1209 nidos
456 1162 496 1218 ut,
514 1172 577 1210 vere
589 1157 712 1219 ineunte,

145 1253 231 1305 Tecta
242 1269 290 1320 per
303 1259 332 1306 et
342 1252 446 1306 forulos
459 1260 487 1306 et
499 1253 618 1306 tabulata
630 1260 735 1307 struat:

108 1349 147 1402 Ut
159 1366 250 1402 coram
264 1329 361 1402 educat
373 1356 484 1402 teneros
493 1351 526 1402 ad
539 1349 636 1417 pabula
647 1349 736 1412 foetuS,

145 1445 181 1498 Et
193 1452 284 1513 pascat
296 1445 380 1506 micis,
395 1461 461 1512 quas
474 1445 521 1498 det
532 1445 618 1498 amica
629 1461 738 1498 manus.

110 1539 244 1594 Convivas
256 1540 363 1609 quoties
375 1556 510 1608 campano
522 1541 556 1594 ad
568 1541 679 1609 prandio
690 1542 790 1609 pulsus

146 1635 293 1698 Convocat,
308 1635 381 1689 houd
394 1637 480 1703 epuiis
493 1636 592 1689 certior
604 1635 704 1703 hospes
716 1637 805 1692 adest.

110 1731 257 1794 Continuo,
268 1730 391 1800 jucunda
404 1731 485 1783 simul
497 1747 551 1784 vox
562 1730 649 1784 fertur
661 1732 696 1785 ad
708 1749 799 1795 cures,

144 1827 253 1880 Vicinos
265 1842 357 1894 passer
369 1827 483 1894 quisque
496 1827 624 1895 relinquit
635 1843 723 1895 agros.

110 1922 266 1989 Hospitium
279 1922 313 1975 ad
325 1928 422 1976 notum
434 1929 609 1990 properatum
630 1929 658 1976 et
670 1923 768 1978 ordine
780 1931 879 1978 scortes

143 2020 297 2087 Expectent
309 2020 385 2088 panis
397 2019 529 2088 fragmina
541 2020 655 2088 quisque
667 2037 726 2074 suo.

109 2115 168 2168 Hos
181 2122 281 2178 tamen,
297 2115 347 2168 hos
360 2131 464 2177 omnes,
480 2116 526 2168 vix
538 2132 594 2169 uno
606 2115 705 2183 largior
717 2133 796 2170 usse:

146 2210 277 2278 Sumptus
289 2225 337 2277 per
350 2216 436 2263 totam
449 2211 534 2278 pascit
547 2211 649 2278 alitque
662 2210 744 2264 diem.

109 2306 192 2359 Hunc
203 2322 300 2368 unum,
315 2305 388 2358 hunc
397 2306 535 2359 modicum
547 2307 610 2374 (nec
620 2305 764 2374 quisquam
772 2307 904 2374 inviderit)

178 2419 265 2456 assem

145 2500 289 2568 Indigenas,
304 2500 413 2567 hospitii
421 2499 492 2568 jure,
508 2507 647 2554 merentur
660 2516 733 2553 aves.
