1830 3216
399 117 469 151 VERU
475 116 593 152 tumim.

152 256 212 307 The
226 255 338 322 deepest
351 253 460 306 damesh
473 253 504 305 oi
514 253 560 305 the
574 269 644 305 rose.

152 352 240 412 Theb,
256 350 367 403 heedlul
379 350 410 402 oi
420 349 467 402 the
480 349 594 402 finished
608 349 709 411 whole,

153 447 228 499 With
241 446 350 498 londest
363 460 506 512 eugerness
519 444 553 496 he
566 443 644 503 stole,

152 542 205 593 Till
216 558 307 594 scarce
320 540 430 593 himself
441 539 581 607 distinetly
592 538 674 591 knew

151 637 212 690 The
225 638 327 690 cherub
340 636 434 704 copied
447 636 517 688 from
530 635 577 688 the
589 641 659 687 true.

189 733 266 794 Nou,
282 731 395 799 painter,
411 728 506 783 cesse!
527 730 578 798 thy
590 729 650 782 task
663 728 687 782 is
701 729 786 790 done.

152 828 231 894 Long
243 827 310 879 lives
323 826 376 879 this
389 826 477 893 image
486 824 518 877 os
526 825 576 894 thy
589 840 652 884 som

153 924 211 975 Nor
224 922 385 976 short-lived
397 921 465 974 shall
477 920 528 990 thy
539 920 617 988 glory
630 935 724 988 prove,

155 1022 194 1073 Or
207 1021 238 1073 oi
247 1020 298 1090 thy
310 1019 404 1073 labour
418 1035 448 1072 or
460 1018 511 1087 thy
523 1018 594 1071 love.

358 1586 641 1641 VERULAMIUM.

104 1759 167 1818 Qui
177 1757 257 1825 juxta
272 1756 370 1808 Albani
379 1755 488 1823 divique
501 1763 529 1808 et
542 1753 667 1823 martyris
677 1754 749 1808 edes

139 1851 318 1919 Humphredo
333 1857 422 1903 servat
435 1849 553 1902 deduce
566 1849 639 1917 quod
652 1856 797 1916 superest;

103 1949 175 2000 Urbs
188 1948 282 2007 stabat,
298 1946 434 2014 quondam
448 1942 576 2012 insignis;
597 1961 671 1996 nunc
683 1961 749 1998 arva
760 1954 890 2014 segesun

139 2047 239 2099 Abdita
251 2063 324 2100 nune
337 2046 404 2114 ipso,
419 2062 516 2108 merse,
531 2044 638 2112 sepulte
649 2044 718 2097 solo.

104 2145 167 2204 Quo
177 2144 232 2211 jam
248 2159 387 2196 murorum
400 2142 498 2194 turrita
510 2142 636 2209 superbia
648 2139 749 2194 cessit!

140 2242 213 2302 Quid
226 2242 276 2294 sibi
284 2242 340 2310 jam
351 2243 494 2312 reliquum,
509 2243 574 2311 quid
588 2243 638 2295 nisi
651 2258 761 2303 nomen,
777 2232 868 2294 hebet!

104 2342 149 2394 Nil
162 2342 214 2394 nisi
226 2359 326 2395 nomen
340 2343 505 2396 habet-sed
518 2349 546 2395 et
558 2342 634 2394 omni
646 2341 779 2395 illustrius
792 2341 862 2399 urbe,

140 2438 276 2505 Nullaque
289 2455 343 2506 quo
357 2438 442 2507 major
453 2439 546 2506 gloria,
562 2454 662 2491 nomen
675 2437 767 2491 habet.

104 2534 199 2587 Restat
208 2535 305 2597 adhue,
321 2536 431 2589 restabit
443 2535 533 2588 adhuc
545 2552 594 2603 per
606 2535 703 2589 saeculu
715 2534 805 2603 longa,

140 2631 259 2684 Nomine
273 2631 375 2684 Buconi
385 2631 524 2684 nobilitate
537 2630 582 2684 sui
593 2654 599 2682 ι

105 2726 180 2786 Quae,
196 2743 258 2779 cum
272 2727 381 2780 desierit
395 2727 566 2780 Verulamius
579 2725 624 2779 ille
637 2727 736 2787 vocari,

132 2823 181 2876 Nil
193 2823 245 2879 uisi
260 2841 335 2879 nuuc
350 2841 464 2885 nomeu,
477 2831 548 2876 tune
559 2838 765 2887 nequeuntem
776 2822 837 2872 erit..
