1830 3216
348 701 526 767 MELISSA.

77 913 170 976 Hauc,
188 911 288 976 Marce,
303 928 366 966 cum
378 912 494 966 ducetur
506 923 583 971 uxor,
598 905 667 975 elige

113 1010 271 1080 Meneoeque
282 1016 436 1064 consortem
449 1015 477 1063 et
488 1008 557 1062 tori:

77 1107 155 1162 Bene
166 1107 287 1161 moribus
298 1113 409 1170 morata,
424 1123 483 1176 que
493 1106 580 1161 iorma
591 1107 688 1177 placet,

114 1204 175 1259 Nec
187 1203 252 1258 dote
264 1203 372 1258 dotatur
386 1202 474 1258 nimie.

79 1301 144 1356 Non
156 1301 275 1356 elaborat
286 1301 339 1364 ilia,
353 1301 388 1355 de
400 1300 445 1355 die
456 1300 484 1354 in
497 1301 577 1365 diem,

115 1399 152 1454 Se
163 1398 266 1468 tingere
278 1405 305 1453 et
320 1398 467 1468 refingere;

79 1493 228 1549 Vultumve
239 1493 345 1548 curiosa
355 1495 438 1549 sumit
450 1494 547 1549 artifex

116 1592 161 1646 Ab
173 1591 232 1654 hae,
247 1591 280 1645 ab
291 1589 336 1645 illa
347 1590 456 1661 pyxide.

82 1687 139 1742 Nec
152 1685 314 1741 dislocandia
325 1692 354 1742 et
364 1686 484 1742 locandis
498 1686 624 1744 crinibus.

117 1783 196 1846 Quos
207 1782 306 1837 iterum
318 1789 346 1836 et
357 1781 456 1837 iterum
469 1781 590 1845 dislooet,

84 1879 210 1936 Abaumit
220 1879 309 1942 horon,
323 1896 405 1934 unam
417 1878 565 1948 ineptulam
576 1877 706 1934 aniculam

117 1976 271 2047 Deciosque
281 1977 367 2047 flgena
379 1984 408 2031 et
419 1992 541 2031 morena.

84 2073 141 2128 Neo
153 2074 285 2128 exuendis
297 2072 440 2128 induendis
453 2072 581 2136 vestibus,

117 2170 233 2225 Diversa
243 2178 293 2234 ter,
308 2177 350 2224 ter
362 2169 486 2232 discolor,

82 2267 165 2323 iubar
177 2267 268 2323 evehit
280 2284 343 2323 cum
357 2267 481 2331 Phoebus,
496 2273 599 2321 etcum
612 2265 727 2327 devehit,

119 2366 243 2421 Mutatur
256 2373 283 2421 et
295 2365 451 2444 mutabitur.

85 2462 142 2518 Neo
155 2462 288 2517 visitando
299 2462 389 2531 pulsat
401 2462 449 2515 has
461 2468 489 2515 et
501 2461 548 2515 hau
559 2459 641 2523 iores,

119 2561 158 2615 Ut
170 2566 260 2631 portet
271 2560 456 2630 importunum
468 2575 527 2618 ave.

86 2658 175 2714 Meam
188 2657 340 2728 inquietans
352 2665 380 2712 et
391 2664 466 2712 tuam
478 2655 603 2710 vicinium

120 2757 232 2826 Ineptiia
243 2763 272 2811 et
284 2756 350 2810 otio.

84 2855 115 2911 Si
124 2854 197 2909 forte
209 2853 353 2922 spectatrix
364 2851 476 2907 theatris
488 2852 608 2912 interest,

120 2950 171 3019 (Et
182 2950 295 3004 intereat
309 2949 452 3018 rarissima)
