1830 3216
107 111 242 148 renueras
262 112 332 147 surra
352 110 542 149 nnnrrasrnns
677 100 728 150 251

64 267 119 305 reos
131 268 245 320 usquam
258 253 403 306 tondentes
416 257 490 318 prata
498 250 632 318 juvencos

63 348 122 407 erit,
136 347 183 400 lati
196 364 247 401 neo
259 355 352 415 aperta
363 364 411 415 per
424 363 531 415 aequora
545 345 633 412 campi

63 443 119 495 leiis
132 444 255 511 sonipes;
275 461 363 512 genus
376 460 436 497 aere
449 443 575 510 luporum

63 539 133 592 nutrit
145 539 240 600 hiems
257 539 416 607 ululantque
430 539 457 591 in
470 537 609 590 montibus
622 534 686 589 ursi.

62 634 93 686 iri
105 651 188 696 arces,
203 634 274 687 ferro
287 642 335 688 aut
347 635 521 702 proscindere
533 633 647 701 glebam,

63 729 88 781 rit
101 729 232 797 popul0s3
253 730 328 783 labor
343 746 416 783 unus
429 735 456 781 et
469 745 524 782 una
536 728 661 795 voluptas

72 825 174 891 agitare
185 824 264 886 feras,
280 826 409 892 nudoque
422 825 473 876 sub
485 840 536 876 axe

63 937 83 973 ·e
95 920 163 982 solo,
179 928 206 973 et
219 921 360 974 traducere
373 919 476 972 duriter
489 935 588 973 aevum.
679 958 680 961 ,

63 1016 161 1068 retiam
175 1023 298 1069 nostrum
311 1015 408 1083 poscis,
426 1015 559 1076 Saturnie,
575 1031 682 1068 carmen
694 1037 701 1075 ;

67 1119 129 1180 apta
142 1113 190 1165 tibi
202 1120 267 1165 sunt
280 1127 397 1179 aequora,
413 1117 477 1163 sunt
491 1111 539 1163 tibi
552 1111 641 1179 sylvae,

63 1226 89 1262 re
98 1209 206 1277 irrigui;
227 1225 317 1276 neque
330 1208 403 1261 culta
414 1207 522 1260 novalia
534 1208 634 1260 desunt
645 1228 652 1266 ;

62 1321 73 1357 s
86 1305 154 1357 dura
166 1303 260 1366 virhm,
276 1304 374 1357 mentis
387 1305 485 1372 quibus
498 1303 567 1355 alma
579 1302 700 1370 vigorem

62 1409 165 1462 natura,
182 1409 209 1453 et
221 1400 298 1453 firmo
312 1417 424 1467 corpore
437 1399 522 1452 finxit.

62 1499 221 1551 rcanendus
235 1498 294 1559 eris,
310 1498 416 1566 genitor
431 1496 557 1557 Gradive,
574 1496 683 1548 rubenti

64 1612 129 1654 ens;
150 1603 181 1648 tu
194 1595 264 1647 bella
275 1594 352 1647 ferox
364 1594 525 1661 lethumque
537 1608 584 1659 per
598 1593 691 1645 orbern

63 1707 105 1753 ue,
121 1692 286 1760 gladiosque,
302 1699 384 1760 atque
396 1699 467 1743 artes
480 1689 554 1742 mille
566 1689 683 1743 nocendi

62 1803 82 1848 s,
98 1786 146 1839 tibi
158 1803 233 1839 saera
245 1794 319 1854 parat
328 1787 385 1854 jam
399 1786 473 1838 dirus
489 1784 591 1844 Iberus,

61 1900 127 1952 sque
140 1884 194 1936 tuis
206 1883 306 1935 ductus
319 1898 395 1949 spem
407 1881 484 1948 ponit
496 1881 524 1932 in
537 1879 626 1932 armis.

61 1997 140 2048 ragne
152 1986 235 2047 pater,
253 1979 386 2039 Britonas,
403 1977 602 2045 Britonumque
614 1976 720 2029 labores

61 2098 68 2135 ς
89 2075 166 2143 sique
178 2082 227 2128 tuo
242 2073 363 2132 Henrioi,
378 2073 402 2126 si
414 2071 526 2124 nurnine
538 2070 614 2124 ducti

61 2189 91 2225 os
105 2171 223 2224 Edoardi
236 2168 382 2238 implerunt
394 2169 528 2237 stragibus
540 2185 628 2237 agros,

62 2269 114 2322 ltra
126 2284 258 2321 oceanum
270 2267 345 2320 laetos
358 2283 438 2334 egere
451 2264 610 2333 triumphos,

61 2381 136 2417 nanu
150 2366 235 2417 telum
250 2363 363 2430 Hispani
375 2361 515 2430 praedonis,
531 2368 559 2413 et
571 2361 659 2428 ipsum

72 2467 163 2512 sterne
176 2459 242 2520 solo,
258 2466 340 2525 atque
353 2457 419 2509 irata
431 2455 524 2524 disjice
536 2454 635 2508 fronte.

61 2555 112 2607 rrio
126 2553 280 2621 Venerique
293 2553 335 2605 sui
348 2552 481 2604 debentur
495 2551 622 2610 honores,

64 2648 108 2701 hio
120 2649 249 2708 animum,
265 2647 339 2699 molli
351 2647 447 2699 imbuit
460 2646 543 2698 altera
556 2661 647 2697 amore
659 2665 665 2704 ;

60 2743 134 2804 bitat,
150 2742 215 2811 quin
226 2742 299 2794 intus
311 2743 363 2794 alat
376 2758 425 2795 vos
437 2741 547 2809 spiritus
560 2740 640 2802 idem,

60 2879 64 2896 .
81 2846 110 2891 et
122 2845 179 2891 toto
190 2838 291 2905 pariter
305 2855 334 2892 se
348 2838 463 2893 misceat
475 2836 559 2891 orbe‘l

61 2933 100 2985 bis
111 2935 234 3002 populos
248 2935 366 3004 hilares,
383 2938 593 3012 nyrnqhasque
606 2932 729 2985 neema
