<?xml version="1.0" encoding="UTF-8"?>
<!DOCTYPE html PUBLIC "-//W3C//DTD XHTML 1.0 Transitional//EN"
    "http://www.w3.org/TR/xhtml1/DTD/xhtml1-transitional.dtd">
<html xmlns="http://www.w3.org/1999/xhtml" xml:lang="en" lang="en">
 <head>
  <title>
</title>
<meta http-equiv="Content-Type" content="text/html;charset=utf-8" />
  <meta name='ocr-system' content='tesseract 3.04.00' />
  <meta name='ocr-capabilities' content='ocr_page ocr_carea ocr_par ocr_line ocrx_word'/>
</head>
<body>
  <div class='ocr_page' id='page_1' title='image "./poeticalworksla00bourgoog_0222.png"; bbox 0 0 1830 3216; ppageno 0'>
   <div class='ocr_carea' id='block_1_1' title="bbox 214 109 727 161">
    <p class='ocr_par' dir='ltr' id='par_1_1' title="bbox 214 109 727 161">
     <span class='ocr_line' id='line_1_1' title="bbox 214 109 727 161; baseline -0.004 -7"><span class='ocrx_word' id='word_1_1' title='bbox 214 109 444 158; x_wconf 63' lang='lat' dir='ltr'>&#39;uznflnnpou</span> <span class='ocrx_word' id='word_1_2' title='bbox 674 112 727 161; x_wconf 68' lang='lat'>203</span> 
     </span>
    </p>
   </div>
   <div class='ocr_carea' id='block_1_2' title="bbox 60 267 735 1569">
    <p class='ocr_par' dir='ltr' id='par_1_2' title="bbox 60 267 626 337">
     <span class='ocr_line' id='line_1_2' title="bbox 60 267 626 337; baseline -0.004 -16"><span class='ocrx_word' id='word_1_3' title='bbox 60 308 66 329; x_wconf 87' lang='lat'><em>‚</em></span> <span class='ocrx_word' id='word_1_4' title='bbox 82 268 164 321; x_wconf 84' lang='lat' dir='ltr'>vitam</span> <span class='ocrx_word' id='word_1_5' title='bbox 177 268 312 337; x_wconf 83' lang='lat' dir='ltr'>accipiunt</span> <span class='ocrx_word' id='word_1_6' title='bbox 325 267 477 335; x_wconf 89' lang='lat' dir='ltr'>initumque</span> <span class='ocrx_word' id='word_1_7' title='bbox 490 267 626 320; x_wconf 90' lang='lat' dir='ltr'>movendi.</span> 
     </span>
    </p>

    <p class='ocr_par' dir='ltr' id='par_1_3' title="bbox 61 364 564 433">
     <span class='ocr_line' id='line_1_3' title="bbox 61 364 564 433; baseline 0.01 -21"><span class='ocrx_word' id='word_1_8' title='bbox 61 389 63 412; x_wconf 51' lang='grc' dir='ltr'>ι</span> <span class='ocrx_word' id='word_1_9' title='bbox 75 371 192 433; x_wconf 84' lang='lat' dir='ltr'>surgunt</span> <span class='ocrx_word' id='word_1_10' title='bbox 205 365 296 433; x_wconf 82' lang='lat' dir='ltr'>tigres,</span> <span class='ocrx_word' id='word_1_11' title='bbox 312 364 450 432; x_wconf 83' lang='lat' dir='ltr'>rabidique</span> <span class='ocrx_word' id='word_1_12' title='bbox 462 364 564 425; x_wconf 84' lang='lat' dir='ltr'>leones,</span> 
     </span>
    </p>

    <p class='ocr_par' dir='ltr' id='par_1_4' title="bbox 61 460 620 530">
     <span class='ocr_line' id='line_1_4' title="bbox 61 460 620 530; baseline -0.004 -16"><span class='ocrx_word' id='word_1_13' title='bbox 61 461 124 530; x_wconf 92' lang='lat' dir='ltr'>ique</span> <span class='ocrx_word' id='word_1_14' title='bbox 136 462 228 522; x_wconf 85' lang='lat' dir='ltr'>boves.</span> <span class='ocrx_word' id='word_1_15' title='bbox 244 461 416 528; x_wconf 77' lang='lat' dir='ltr'>distentaque</span> <span class='ocrx_word' id='word_1_16' title='bbox 427 460 498 514; x_wconf 82' lang='lat' dir='ltr'>lacte</span> <span class='ocrx_word' id='word_1_17' title='bbox 510 460 620 528; x_wconf 82' lang='lat' dir='ltr'>capella.</span> 
     </span>
    </p>

    <p class='ocr_par' dir='ltr' id='par_1_5' title="bbox 61 556 628 724">
     <span class='ocr_line' id='line_1_5' title="bbox 61 556 628 624; baseline -0.004 -14"><span class='ocrx_word' id='word_1_18' title='bbox 61 558 123 610; x_wconf 81' lang='lat' dir='ltr'>ovis</span> <span class='ocrx_word' id='word_1_19' title='bbox 135 557 283 611; x_wconf 88' lang='lat' dir='ltr'>tremulum</span> <span class='ocrx_word' id='word_1_20' title='bbox 296 558 447 610; x_wconf 80' lang='lat' dir='ltr'>diverberat</span> <span class='ocrx_word' id='word_1_21' title='bbox 459 557 521 610; x_wconf 71' lang='lat' dir='ltr'>aera</span> <span class='ocrx_word' id='word_1_22' title='bbox 531 556 628 624; x_wconf 86' lang='lat' dir='ltr'>pennis</span> 
     </span>
     <span class='ocr_line' id='line_1_6' title="bbox 67 652 623 724; baseline -0.007 -16"><span class='ocrx_word' id='word_1_23' title='bbox 67 672 164 724; x_wconf 84' lang='lat' dir='ltr'>genus,</span> <span class='ocrx_word' id='word_1_24' title='bbox 179 660 207 708; x_wconf 90' lang='lat' dir='ltr'>et</span> <span class='ocrx_word' id='word_1_25' title='bbox 220 655 307 708; x_wconf 90' lang='lat' dir='ltr'>multo</span> <span class='ocrx_word' id='word_1_26' title='bbox 320 670 402 722; x_wconf 87' lang='lat' dir='ltr'>super</span> <span class='ocrx_word' id='word_1_27' title='bbox 415 653 514 707; x_wconf 81' lang='lat' dir='ltr'>aethere</span> <span class='ocrx_word' id='word_1_28' title='bbox 525 652 623 720; x_wconf 80' lang='lat' dir='ltr'>plausu</span> 
     </span>
    </p>

    <p class='ocr_par' dir='ltr' id='par_1_6' title="bbox 61 751 621 820">
     <span class='ocr_line' id='line_1_7' title="bbox 61 751 621 820; baseline 0 -18"><span class='ocrx_word' id='word_1_29' title='bbox 61 759 78 805; x_wconf 64' lang='lat' dir='ltr'>it</span> <span class='ocrx_word' id='word_1_30' title='bbox 91 752 225 805; x_wconf 77' lang='lat' dir='ltr'>undantes</span> <span class='ocrx_word' id='word_1_31' title='bbox 237 751 331 820; x_wconf 87' lang='lat' dir='ltr'>implet</span> <span class='ocrx_word' id='word_1_32' title='bbox 344 751 522 804; x_wconf 84' lang='lat' dir='ltr'>concentibus</span> <span class='ocrx_word' id='word_1_33' title='bbox 534 766 621 803; x_wconf 78' lang='lat' dir='ltr'>eures.</span> 
     </span>
    </p>

    <p class='ocr_par' dir='ltr' id='par_1_7' title="bbox 61 845 604 914">
     <span class='ocr_line' id='line_1_8' title="bbox 61 845 604 914; baseline -0.006 -14"><span class='ocrx_word' id='word_1_34' title='bbox 61 863 70 900; x_wconf 81' lang='lat'><em>³</em></span> <span class='ocrx_word' id='word_1_35' title='bbox 82 847 186 900; x_wconf 82' lang='lat' dir='ltr'>interea</span> <span class='ocrx_word' id='word_1_36' title='bbox 197 847 290 899; x_wconf 87' lang='lat' dir='ltr'>deerat</span> <span class='ocrx_word' id='word_1_37' title='bbox 303 862 387 914; x_wconf 77' lang='lat' dir='ltr'>vagus</span> <span class='ocrx_word' id='word_1_38' title='bbox 401 845 490 898; x_wconf 83' lang='lat' dir='ltr'>incole</span> <span class='ocrx_word' id='word_1_39' title='bbox 502 853 587 913; x_wconf 85' lang='lat' dir='ltr'>ponto</span> <span class='ocrx_word' id='word_1_40' title='bbox 598 866 604 904; x_wconf 72' lang='grc' dir='ltr'>ς</span> 
     </span>
    </p>

    <p class='ocr_par' dir='ltr' id='par_1_8' title="bbox 61 942 529 1011">
     <span class='ocr_line' id='line_1_9' title="bbox 61 942 529 1011; baseline -0.002 -16"><span class='ocrx_word' id='word_1_41' title='bbox 61 943 158 996; x_wconf 89' lang='lat' dir='ltr'>nultus</span> <span class='ocrx_word' id='word_1_42' title='bbox 171 943 268 1011; x_wconf 81' lang='lat' dir='ltr'>passim</span> <span class='ocrx_word' id='word_1_43' title='bbox 281 958 329 1010; x_wconf 87' lang='lat' dir='ltr'>per</span> <span class='ocrx_word' id='word_1_44' title='bbox 341 942 438 994; x_wconf 74' lang='lat' dir='ltr'>cerula</span> <span class='ocrx_word' id='word_1_45' title='bbox 449 942 529 1009; x_wconf 89' lang='lat' dir='ltr'>piscis</span> 
     </span>
    </p>

    <p class='ocr_par' dir='ltr' id='par_1_9' title="bbox 62 1037 643 1107">
     <span class='ocr_line' id='line_1_10' title="bbox 62 1037 643 1107; baseline -0.003 -15"><span class='ocrx_word' id='word_1_46' title='bbox 62 1060 68 1100; x_wconf 83' lang='lat'>;</span> <span class='ocrx_word' id='word_1_47' title='bbox 88 1055 141 1107; x_wconf 84' lang='lat' dir='ltr'>prae</span> <span class='ocrx_word' id='word_1_48' title='bbox 153 1038 263 1107; x_wconf 87' lang='lat' dir='ltr'>reliquis</span> <span class='ocrx_word' id='word_1_49' title='bbox 276 1039 373 1106; x_wconf 86' lang='lat' dir='ltr'>ingens</span> <span class='ocrx_word' id='word_1_50' title='bbox 385 1037 493 1099; x_wconf 81' lang='lat' dir='ltr'>belaenn,</span> <span class='ocrx_word' id='word_1_51' title='bbox 509 1044 643 1107; x_wconf 84' lang='lat' dir='ltr'>tyrannus</span> 
     </span>
    </p>

    <p class='ocr_par' dir='ltr' id='par_1_10' title="bbox 62 1133 546 1202">
     <span class='ocr_line' id='line_1_11' title="bbox 62 1133 546 1202; baseline -0.002 -15"><span class='ocrx_word' id='word_1_52' title='bbox 62 1141 160 1188; x_wconf 75' lang='lat' dir='ltr'>vastem</span> <span class='ocrx_word' id='word_1_53' title='bbox 174 1134 274 1188; x_wconf 88' lang='lat' dir='ltr'>molem</span> <span class='ocrx_word' id='word_1_54' title='bbox 287 1134 386 1189; x_wconf 74' lang='lat' dir='ltr'>lascive</span> <span class='ocrx_word' id='word_1_55' title='bbox 397 1150 446 1202; x_wconf 87' lang='lat' dir='ltr'>per</span> <span class='ocrx_word' id='word_1_56' title='bbox 459 1133 546 1186; x_wconf 79' lang='lat' dir='ltr'>undas</span> 
     </span>
    </p>

    <p class='ocr_par' dir='ltr' id='par_1_11' title="bbox 62 1229 582 1298">
     <span class='ocr_line' id='line_1_12' title="bbox 62 1229 582 1298; baseline -0.004 -15"><span class='ocrx_word' id='word_1_57' title='bbox 62 1235 80 1292; x_wconf 84' lang='lat' dir='ltr'>t,</span> <span class='ocrx_word' id='word_1_58' title='bbox 96 1229 190 1298; x_wconf 91' lang='lat' dir='ltr'>liquidi</span> <span class='ocrx_word' id='word_1_59' title='bbox 202 1237 345 1298; x_wconf 84' lang='lat' dir='ltr'>terrorque</span> <span class='ocrx_word' id='word_1_60' title='bbox 357 1237 385 1283; x_wconf 92' lang='lat' dir='ltr'>et</span> <span class='ocrx_word' id='word_1_61' title='bbox 397 1229 483 1298; x_wconf 85' lang='lat' dir='ltr'>glorie</span> <span class='ocrx_word' id='word_1_62' title='bbox 495 1229 582 1296; x_wconf 82' lang='lat' dir='ltr'>regni.</span> 
     </span>
    </p>

    <p class='ocr_par' dir='ltr' id='par_1_12' title="bbox 62 1324 735 1489">
     <span class='ocr_line' id='line_1_13' title="bbox 62 1324 666 1393; baseline -0.002 -16"><span class='ocrx_word' id='word_1_63' title='bbox 62 1341 91 1377; x_wconf 86' lang='lat' dir='ltr'>or</span> <span class='ocrx_word' id='word_1_64' title='bbox 103 1324 153 1386; x_wconf 87' lang='lat' dir='ltr'>his,</span> <span class='ocrx_word' id='word_1_65' title='bbox 169 1331 197 1377; x_wconf 91' lang='lat' dir='ltr'>et</span> <span class='ocrx_word' id='word_1_66' title='bbox 209 1325 256 1393; x_wconf 89' lang='lat' dir='ltr'>qui</span> <span class='ocrx_word' id='word_1_67' title='bbox 268 1324 400 1377; x_wconf 79' lang='lat' dir='ltr'>dominari</span> <span class='ocrx_word' id='word_1_68' title='bbox 413 1324 439 1376; x_wconf 89' lang='lat' dir='ltr'>in</span> <span class='ocrx_word' id='word_1_69' title='bbox 454 1330 555 1376; x_wconf 74' lang='lat' dir='ltr'>cetere</span> <span class='ocrx_word' id='word_1_70' title='bbox 566 1330 666 1390; x_wconf 85' lang='lat' dir='ltr'>posset,</span> 
     </span>
     <span class='ocr_line' id='line_1_14' title="bbox 77 1418 735 1489; baseline -0.005 -16"><span class='ocrx_word' id='word_1_71' title='bbox 77 1427 157 1474; x_wconf 80' lang='lat' dir='ltr'>netus</span> <span class='ocrx_word' id='word_1_72' title='bbox 179 1420 260 1474; x_wconf 90' lang='lat' dir='ltr'><strong>homo</strong></span> <span class='ocrx_word' id='word_1_73' title='bbox 283 1427 342 1480; x_wconf 85' lang='lat' dir='ltr'>est;</span> <span class='ocrx_word' id='word_1_74' title='bbox 368 1421 539 1489; x_wconf 87' lang='lat' dir='ltr'>propriaeque</span> <span class='ocrx_word' id='word_1_75' title='bbox 556 1419 621 1472; x_wconf 84' lang='lat' dir='ltr'>huie</span> <span class='ocrx_word' id='word_1_76' title='bbox 639 1418 735 1472; x_wconf 90' lang='lat' dir='ltr'>indidit</span> 
     </span>
    </p>

    <p class='ocr_par' dir='ltr' id='par_1_13' title="bbox 62 1533 79 1569">
     <span class='ocr_line' id='line_1_15' title="bbox 62 1533 79 1569; baseline 0 0"><span class='ocrx_word' id='word_1_77' title='bbox 62 1533 79 1569; x_wconf 74' lang='lat' dir='ltr'>e</span> 
     </span>
    </p>
   </div>
   <div class='ocr_carea' id='block_1_3' title="bbox 62 1611 738 1967">
    <p class='ocr_par' dir='ltr' id='par_1_14' title="bbox 62 1611 706 1773">
     <span class='ocr_line' id='line_1_16' title="bbox 62 1611 706 1680; baseline -0.003 -16"><span class='ocrx_word' id='word_1_78' title='bbox 62 1628 106 1674; x_wconf 86' lang='lat' dir='ltr'>nn,</span> <span class='ocrx_word' id='word_1_79' title='bbox 121 1611 263 1680; x_wconf 87' lang='lat' dir='ltr'>imperium</span> <span class='ocrx_word' id='word_1_80' title='bbox 275 1611 340 1664; x_wconf 88' lang='lat' dir='ltr'>huic</span> <span class='ocrx_word' id='word_1_81' title='bbox 352 1611 456 1678; x_wconf 81' lang='lat' dir='ltr'>ingens,</span> <span class='ocrx_word' id='word_1_82' title='bbox 472 1611 606 1679; x_wconf 89' lang='lat' dir='ltr'>sedesque</span> <span class='ocrx_word' id='word_1_83' title='bbox 615 1611 706 1663; x_wconf 81' lang='lat' dir='ltr'>beatas</span> 
     </span>
     <span class='ocr_line' id='line_1_17' title="bbox 66 1705 573 1773; baseline -0.004 -13"><span class='ocrx_word' id='word_1_84' title='bbox 66 1722 157 1760; x_wconf 85' lang='lat' dir='ltr'>rerum</span> <span class='ocrx_word' id='word_1_85' title='bbox 172 1705 296 1767; x_wconf 88' lang='lat' dir='ltr'>Genitor,</span> <span class='ocrx_word' id='word_1_86' title='bbox 311 1721 456 1773; x_wconf 83' lang='lat' dir='ltr'>sacrosque</span> <span class='ocrx_word' id='word_1_87' title='bbox 468 1705 573 1759; x_wconf 86' lang='lat' dir='ltr'>labores</span> 
     </span>
    </p>

    <p class='ocr_par' dir='ltr' id='par_1_15' title="bbox 62 1801 738 1967">
     <span class='ocr_line' id='line_1_18' title="bbox 62 1801 706 1870; baseline -0.003 -14"><span class='ocrx_word' id='word_1_88' title='bbox 62 1820 82 1856; x_wconf 85' lang='lat' dir='ltr'>n</span> <span class='ocrx_word' id='word_1_89' title='bbox 93 1802 208 1864; x_wconf 81' lang='lat' dir='ltr'>finierat,</span> <span class='ocrx_word' id='word_1_90' title='bbox 222 1802 344 1864; x_wconf 77' lang='lat' dir='ltr'>laudans,</span> <span class='ocrx_word' id='word_1_91' title='bbox 362 1809 380 1831; x_wconf 92' lang='grc'>“</span> <span class='ocrx_word' id='word_1_92' title='bbox 395 1802 598 1863; x_wconf 83' lang='lat' dir='ltr'>Absolvimus,”</span> <span class='ocrx_word' id='word_1_93' title='bbox 610 1801 706 1870; x_wconf 91' lang='lat' dir='ltr'>inquit,</span> 
     </span>
     <span class='ocr_line' id='line_1_19' title="bbox 62 1897 738 1967; baseline -0.003 -15"><span class='ocrx_word' id='word_1_94' title='bbox 62 1916 99 1952; x_wconf 89' lang='lat' dir='ltr'>nn</span> <span class='ocrx_word' id='word_1_95' title='bbox 118 1915 204 1967; x_wconf 89' lang='lat' dir='ltr'>opus:</span> <span class='ocrx_word' id='word_1_96' title='bbox 231 1898 303 1960; x_wconf 88' lang='lat' dir='ltr'>hinc,</span> <span class='ocrx_word' id='word_1_97' title='bbox 324 1905 440 1965; x_wconf 88' lang='lat' dir='ltr'>tempus,</span> <span class='ocrx_word' id='word_1_98' title='bbox 461 1906 526 1952; x_wconf 87' lang='lat' dir='ltr'>tuus</span> <span class='ocrx_word' id='word_1_99' title='bbox 544 1899 608 1952; x_wconf 81' lang='lat' dir='ltr'>hine</span> <span class='ocrx_word' id='word_1_100' title='bbox 628 1897 738 1954; x_wconf 85' lang='lat' dir='ltr'>exordia</span> 
     </span>
    </p>
   </div>
   <div class='ocr_carea' id='block_1_4' title="bbox 62 2004 650 2159">
    <p class='ocr_par' dir='ltr' id='par_1_16' title="bbox 62 2004 650 2159">
     <span class='ocr_line' id='line_1_20' title="bbox 62 2004 97 2050; baseline 0 0"><span class='ocrx_word' id='word_1_101' title='bbox 62 2004 97 2050; x_wconf 77' lang='lat' dir='ltr'>iat</span> 
     </span>
     <span class='ocr_line' id='line_1_21' title="bbox 62 2055 650 2159; baseline -0.003 -15"><span class='ocrx_word' id='word_1_102' title='bbox 62 2107 99 2154; x_wconf 84' lang='lat' dir='ltr'>us,</span> <span class='ocrx_word' id='word_1_103' title='bbox 114 2096 142 2144; x_wconf 90' lang='lat' dir='ltr'>et</span> <span class='ocrx_word' id='word_1_104' title='bbox 154 2055 267 2158; x_wconf 71' lang='lat' dir='ltr'>pulchno</span> <span class='ocrx_word' id='word_1_105' title='bbox 279 2088 427 2159; x_wconf 79' lang='lat' dir='ltr'>distingunt</span> <span class='ocrx_word' id='word_1_106' title='bbox 439 2090 536 2143; x_wconf 74' lang='lat' dir='ltr'>secula</span> <span class='ocrx_word' id='word_1_107' title='bbox 553 2072 650 2159; x_wconf 46' lang='lat' dir='ltr'>gyro?</span> 
     </span>
    </p>
   </div>
   <div class='ocr_carea' id='block_1_5' title="bbox 0 0 923 3216">
    <p class='ocr_par' dir='ltr' id='par_1_17' title="bbox 0 0 923 3216">
     <span class='ocr_line' id='line_1_22' title="bbox 0 0 923 3216; baseline 0 0"><span class='ocrx_word' id='word_1_108' title='bbox 0 0 923 3216; x_wconf 95' lang='lat' dir='ltr'> </span> 
     </span>
    </p>
   </div>
  </div>
 </body>
</html>
