1830 3216
319 105 409 142 dunos
429 106 547 142 noum.

31 243 68 299 Ut
80 245 115 298 sit
127 252 284 314 perpetuus,
298 245 385 299 formo
397 247 444 314 qui
457 246 583 307 nescitur,
598 252 629 298 ut
642 246 677 298 sit

65 343 190 405 Mutuus
206 342 298 396 officiis
311 359 434 397 crescere
446 343 527 395 debet
538 359 622 395 amor.

29 439 99 492 Sunt
111 439 203 495 blandi
215 438 284 492 risus
297 439 440 507 primordia
452 439 536 499 lucis;
563 455 662 500 amore,

64 536 137 588 Tum
150 535 240 598 modo,
256 552 319 588 cnm
331 534 454 597 fruimur,
468 534 555 604 fulget
567 541 659 603 aperta
671 534 736 588 dies.

28 632 57 686 Si
68 632 117 686 tibi
129 648 184 685 nox
198 632 316 686 tenebris
328 632 388 684 illos
401 633 508 685 obvelet
520 631 629 694 ocellos,

64 729 121 790 Qui
132 735 188 784 tam
198 728 351 797 jucundum
363 745 438 781 nunc
452 727 618 797 rutilumque
630 727 733 787 nitent;

27 825 57 879 Si
68 832 158 878 totum
172 824 266 893 eripiat
278 825 374 878 coelum
388 824 509 892 caligine,
524 829 632 896 quanta,

61 921 193 974 Dicemus
205 937 347 982 memores,
365 921 427 973 Lux
438 921 581 989 aliquando
593 919 660 973 fuit!

24 1251 169 1305 Darbaeum
182 1267 217 1303 eu
230 1252 351 1304 vetulum
366 1251 456 1304 vetula
468 1268 530 1304 curn
543 1249 675 1319 conjuge!
703 1251 784 1303 vitam

63 1349 153 1410 Quam
166 1348 269 1416 placide
282 1349 417 1401 infirmum
430 1365 485 1416 par,
501 1356 528 1401 et
541 1354 661 1400 amanter
673 1346 775 1416 egunt!

24 1445 111 1500 Blaesa
123 1445 221 1497 illaesi
233 1444 327 1506 oculis,
343 1452 370 1497 et
382 1461 460 1496 crura
473 1443 636 1513 hydropicus
649 1443 693 1496 ille

60 1542 113 1594 Vix
125 1541 222 1600 trahit;
250 1548 277 1594 at
288 1541 364 1593 letho
377 1542 463 1610 majus
475 1542 569 1594 abesse
582 1541 680 1593 malum
695 1547 744 1593 est.

23 1637 171 1692 Gressibus
183 1637 305 1690 invalidis
317 1636 418 1706 conjux
430 1654 492 1690 cum
506 1637 621 1705 conjuge
634 1643 738 1704 reptat;

61 1736 120 1788 Aut
133 1734 213 1787 simul
224 1734 345 1803 apricans
358 1733 480 1787 considet
492 1741 555 1786 ante
568 1733 655 1793 fores;

24 1831 152 1899 Cumque
165 1831 211 1884 ille
224 1839 377 1884 extremum
390 1829 481 1899 cyathi
494 1828 673 1897 desumpserit
686 1829 820 1888 haustum,

59 1926 189 1996 Deponit‚
204 1933 278 1980 certa
290 1927 358 1995 lege,
373 1925 479 1979 Joonna
490 1927 596 1979 tubum.

23 2266 95 2322 Cum
108 2266 183 2320 nulls
193 2265 295 2329 utrivis,
311 2266 439 2334 quicquid
452 2265 583 2334 delinquit
595 2264 705 2326 utervis,

58 2362 187 2430 Corporis
200 2370 330 2416 excusent
342 2363 477 2431 ingeniive
488 2364 559 2416 bona
570 2383 577 2421 ;

25 2458 100 2520 Ques
113 2474 173 2511 esse
185 2464 233 2510 aut
244 2457 282 2511 illi
295 2474 407 2510 veneres
419 2463 466 2510 out
479 2456 589 2525 conjicis
601 2456 657 2509 illi?

58 2554 140 2608 Unde
152 2553 190 2612 fit,
205 2553 314 2606 alterius
327 2560 382 2605 tam
394 2553 429 2605 sit
442 2559 472 2604 ut
484 2552 551 2605 alter
563 2551 676 2605 amans?

24 2649 112 2704 Dulce
124 2650 260 2703 recordari
272 2658 313 2704 est
325 2657 399 2704 actos
410 2649 524 2703 feliciter
536 2666 629 2711 annos,

59 2747 150 2808 Quam
162 2746 262 2800 sensim
275 2747 308 2798 ad
321 2761 413 2799 canam
427 2761 597 2798 consenuere
609 2744 711 2805 fidem,

25 2840 91 2896 lude
102 2860 206 2896 sacrum
216 2843 308 2905 fedus,
324 2843 461 2914 firmoque
474 2853 520 2901 est
533 2844 639 2918 copulo
648 2860 752 2902 nexui

46 2938 104 2994 Qua
115 2937 213 2990 melius
224 2941 304 2994 terris
316 2941 367 2997 Dii
382 2945 515 3006 tribuere
530 2949 619 3006 nihil.

760 3059 778 3094 ἱ
