1830 3216
313 108 403 144 caton
421 106 573 144 vtun'rurx.

50 251 163 320 Captivo
176 249 232 312 tibi,
247 265 309 302 care
320 264 395 317 puer,
411 256 470 303 tum
482 247 589 300 vincula
601 246 711 308 solvam,

84 347 122 401 Et
134 354 171 409 te,
187 361 242 415 quo
253 345 342 408 libeat,
358 362 451 398 rursus
463 345 536 398 abire
548 344 661 397 sinam.''

50 444 165 498 Vincula
177 444 216 497 sic
228 459 313 512 puero
325 442 406 496 solvit
418 442 545 513 nympha,
561 449 589 495 et
600 458 650 494 sua
662 440 796 511 nymphe,

86 542 204 596 Vincula
215 541 339 603 solventi,
354 541 463 594 tradidit
475 557 549 593 armo
560 555 637 608 puer,

53 736 88 790 Se
101 735 171 788 deus
183 734 247 787 hinc
260 734 322 787 lusu
335 733 432 802 puerili
444 739 553 787 exercet
565 733 683 795 inermis.

88 832 149 885 Nec
158 830 276 900 juvenes
288 837 364 883 curat
374 830 564 899 virgineosque
575 846 689 899 greges:

53 929 196 982 Interdum
209 928 243 980 ad
256 934 351 996 pectus
364 926 464 988 volitat,
479 926 681 996 nymphamque
693 926 784 979 revisit
795 947 802 986 t

90 1025 145 1079 Sed
158 1025 235 1078 sedet
247 1023 395 1076 innocuum
408 1039 519 1085 numen,
535 1029 562 1076 et
574 1022 673 1090 hospes
686 1023 765 1076 iners.

55 1218 129 1273 Hinc
141 1234 220 1272 arcus
233 1217 439 1286 pharetramque
451 1234 548 1286 gerens
560 1217 722 1285 funestaque
734 1217 788 1269 tela

92 1315 146 1369 Pro
158 1315 238 1369 libitu
249 1315 346 1383 passim
360 1315 449 1382 dirigit
461 1330 534 1367 arma
543 1313 644 1374 Chloe;

10 1494 13 1501 Ι
55 1414 110 1466 Pro
123 1413 201 1466 libitu
215 1412 299 1480 partit
312 1413 355 1465 vel
367 1411 506 1472 vulnerat3
527 1411 583 1479 ipsa
598 1411 703 1479 Cupido

92 1511 130 1563 Et
143 1510 223 1563 simul
233 1509 260 1562 in
273 1510 352 1563 terris
362 1517 464 1577 regnat,
480 1510 577 1578 etipsa
590 1508 691 1562 Venus.

273 1839 406 1895 cHLoE
429 1838 646 1894 VENATRIX.

59 2058 156 2111 Foara
171 2057 264 2120 Chloe,
280 2058 407 2126 pulchros
421 2060 493 2113 nodo
505 2058 619 2113 collecta
631 2057 740 2126 capillos

61 2154 129 2208 Post
141 2154 250 2217 collum,
265 2154 443 2224 pharetraque
454 2156 525 2209 latus
537 2156 674 2208 succincta
684 2155 790 2215 decora,

60 2250 192 2304 venatrix
204 2252 238 2303 ad
253 2251 355 2321 sylvam
370 2252 439 2312 ihat;
460 2268 624 2320 cervumque
636 2258 730 2305 secuta

61 2348 194 2417 Elapsum
206 2348 274 2411 visu,
290 2349 397 2403 deserta
408 2365 456 2418 per
468 2351 527 2402 avia
539 2349 628 2402 tendit

62 2447 180 2500 Incerta
221 2445 363 2500 Errantem
376 2446 522 2515 nympham
535 2445 676 2514 conspexit
691 2444 799 2512 Apollo,

63 2545 108 2606 Et,
126 2543 264 2598 Converte
277 2550 348 2606 tuos,
363 2543 438 2606 dixit,
453 2559 514 2596 mea
528 2542 653 2613 Cynthia,
669 2558 780 2601 cursus;

64 2642 107 2695 En
121 2642 159 2695 ibi
172 2642 399 2710 (monstravitque
408 2645 502 2709 mauu)
516 2641 565 2694 tihi
577 2657 673 2694 cervus
682 2638 791 2692 anhelat

65 2737 201 2792 Occultos
214 2737 306 2800 dumo,
320 2738 484 2808 latebrisque
494 2744 614 2792 moratur
626 2736 734 2790 inillis.

101 2834 304 2903 Improbushac
310 2837 415 2895 audivit
423 2839 718 2912 Amor,lepihurnque
724 2831 907 2888 cachinnum

32 3017 40 3028 ,
54 2931 199 2997 Attollens,
220 2934 397 3000 Poterantne
410 2943 500 3002 etiam
514 2952 572 3001 tua
581 2940 718 2999 numina
724 2927 810 2989 luuh

816 3041 839 3076 n
