1830 3216
405 111 487 148 Lucu
505 112 540 147 ΕΤ
559 110 696 148 CORYDON.

151 248 274 304 Vidistin'
288 251 365 319 (quin
379 266 448 319 saepe
460 251 534 304 vides
546 250 567 319 l)
590 259 621 305 ut
633 252 759 321 languida
771 260 891 306 marcent

186 347 263 408 Lilia,
279 365 338 415 quae
350 347 447 401 subitae
458 356 604 416 praegravat
616 349 700 401 imber
713 348 807 416 aquae?

151 442 240 497 Lento
254 444 292 496 sic
306 443 383 510 periit
396 445 466 506 tabo,
481 445 519 497 sic
532 445 625 512 palluit
638 445 689 506 illa,

187 542 230 594 Ad
244 541 326 593 finem
341 548 462 593 extremo
476 542 531 610 jam
545 549 705 609 properante
718 542 769 594 die.

150 638 211 691 Hoc
225 637 477 704 monitaeexemp10‚
492 638 604 692 blandos
615 639 715 692 fallacis
727 640 848 701 amantis,

186 735 305 789 Credula
317 753 365 788 vos
378 736 503 805 nymphae
515 737 603 797 corda,
619 737 712 789 timete
725 737 818 790 dolos:

58 868 63 879 ·
149 830 262 894 Discite,
278 849 326 885 vos
335 833 460 900 juvenes,
476 832 563 886 laesam
577 850 657 902 quam
670 841 743 886 certa
756 834 868 886 deorum

184 915 311 982 Vindicta
321 930 480 998 insequitur,
495 947 574 999 quarn
587 930 674 998 gravis
686 931 732 992 ira,
747 929 837 982 fidem.

62 1248 65 1255 ’
148 1256 266 1309 Tinnitu
278 1255 370 1308 sonuit
383 1261 461 1307 terno
474 1255 638 1323 campanula,
654 1262 752 1308 cuncta

184 1353 276 1406 Nocte
289 1352 449 1420 intempesta
462 1369 523 1405 cum
537 1352 635 1404 siluere
647 1352 714 1404 loca.

63 1444 66 1505 s
149 1451 261 1519 Terque
272 1450 314 1503 ala
325 1450 488 1518 increpitans
500 1450 602 1509 cornix,
618 1456 759 1517 rostroque
772 1448 890 1502 fenestra

183 1547 310 1607 Pulsnns,
324 1546 438 1599 lethales
451 1546 534 1599 edidit
547 1562 594 1598 ore
606 1561 697 1598 sonos.

149 1645 272 1713 Accepit,
288 1645 419 1712 novitque
431 1659 520 1704 omen,
536 1643 604 1696 bene
617 1643 724 1696 conscia
737 1643 811 1711 virgo

184 1742 252 1804 Fati,
266 1741 356 1794 feralis
369 1741 442 1809 quod
455 1740 590 1793 recinebat
602 1740 673 1801 avis;

148 1836 185 1891 Et
196 1839 317 1892 moriens
329 1836 455 1908 nymphis
467 1839 569 1892 circum
582 1837 791 1906 lacrymantibus
804 1836 869 1898 infit,

185 1935 230 1989 Sic
242 1951 325 2002 super
338 1935 458 2003 exequiis
471 1934 636 2003 illacrymata
648 1933 712 1986 suis.

149 2277 281 2331 “Vocem
294 2292 354 2345 ego,
368 2292 449 2345 quam
462 2276 537 2329 vobis
551 2292 606 2327 non
620 2282 660 2328 est
672 2274 773 2335 audire,
785 2273 913 2341 jubente·

183 2373 285 2435 Audio,
300 2379 433 2425 maturem
446 2372 662 2440 praecipitemque
673 2370 775 2439 lugam.
795 2442 798 2448 ¹

69 2458 80 2509 ι’
149 2470 296 2524 Dexteram
307 2487 366 2539 ego,
379 2486 459 2538 quam
469 2469 544 2522 vobis
554 2486 609 2521 non
620 2476 661 2522 est
671 2476 799 2536 spectare,
810 2474 915 2520 vetant

71 2582 74 2593 ·
183 2569 293 2638 Specto,
308 2584 344 2621 ne
355 2567 454 2635 fingam
467 2567 531 2635 quid
544 2567 692 2620 mediterve
704 2581 793 2617 morae.

71 2606 83 2801 ἱ
150 2664 179 2718 ln
190 2665 283 2733 primae
295 2663 395 2717 morior
407 2663 518 2724 succisa,
534 2661 604 2715 heu!
630 2660 833 2728 florejuventae‚

183 2760 305 2815 Pectoris
317 2759 390 2812 infidi
400 2765 476 2829 capta
486 2758 580 2829 puella
592 2759 667 2816 dolo.

141 2857 207 2907 lude
217 2871 323 2922 equum
338 2864 367 2909 et
376 2855 419 2912 fas
434 2866 476 2914 est
492 2862 562 2918 vitio
578 2863 653 2920 mihi
667 2871 798 2925 vetuere,
811 2869 915 2927 spuns-

11 2962 56 3161 s
162 2947 244 3005 Quod
254 2950 347 3006 minor
358 2963 404 3010 est
417 2959 512 3035 longe
527 2967 585 3025 dos
601 2987 676 3027 mea
689 2970 767 3025 uoce
779 2953 892 3017 nonai
