1830 3216
167 118 309 156 cetimum
323 116 411 154 'sumu
424 112 641 154 isunuul'lluun.

114 252 204 322 Ignes,
219 253 331 306 diurnos
345 259 375 305 ut
387 252 499 313 labores,

150 348 194 403 Sic
208 355 338 402 renovate
349 348 434 401 melos
446 347 582 401 diurnum.

77 442 188 500 Vidistis
199 448 287 508 ambo,
303 452 370 514 quot
382 444 486 499 dederit
498 445 578 501 bona.

80 541 253 596 Monstrastis
265 543 360 594 umbo:
380 547 542 609 perpetuum
556 538 610 591 Dei

114 639 244 707 Ergoque
257 637 399 691 nobiscum
411 637 531 690 favorem

150 735 288 803 Perpetuo
300 734 433 788 celebrate
445 735 551 803 plausu.

81 928 105 982 0
120 928 205 981 multu
217 927 356 981 stellarum
368 926 474 995 agmina
484 924 585 986 lueida,

81 1022 179 1092 Fulget
191 1023 291 1075 decore
302 1021 378 1090 queis
391 1021 490 1074 variata
502 1036 565 1082 nox,

117 1119 232 1172 Narrate
243 1117 346 1178 laudes,
361 1133 417 1179 vos,
433 1115 551 1177 lenone,

154 1213 294 1267 Sideribus
308 1212 515 1265 numerosiores.

82 1308 137 1364 vos
149 1317 177 1364 et
190 1309 303 1362 choreas
315 1309 423 1371 ducere,
438 1325 487 1362 vos
500 1307 580 1361 simul

84 1407 200 1462 Cunture
212 1406 311 1460 nostis:
330 1413 492 1475 perpetuum
505 1404 558 1457 Dei

117 1504 247 1573 Ergoque
259 1502 399 1556 nobiscum
411 1502 530 1555 favorem

154 1601 292 1668 Perpetuo
304 1599 438 1652 celebrate
449 1598 554 1666 plausu.

86 1791 188 1848 Dulces
200 1792 307 1846 tenellis
319 1808 336 1845 u
348 1791 444 1860 pluviae
456 1790 529 1852 sutis,

87 1889 208 1958 baetique
219 1904 294 1942 rores
306 1888 435 1942 imbribus
447 1884 565 1940 humidis
576 1907 584 1945 ς

120 1984 327 2053 languentibus
340 1983 386 2052 qui
398 1983 467 2036 colla
479 1999 558 2035 mane

157 2079 281 2133 Floribus
293 2078 403 2148 erigitis,
419 2078 519 2133 referte

88 2176 125 2230 Ut
137 2177 210 2231 dona
221 2191 324 2229 numen
337 2191 386 2228 vos
398 2174 537 2236 imitantia,

89 2273 125 2327 Ut
137 2275 209 2327 dona
221 2273 327 2333 mittan
347 2278 510 2340 perpetuum
524 2270 576 2324 Dei

122 2370 239 2437 Unaque
252 2368 392 2421 nobiscum
404 2367 524 2421 favorem

158 2466 295 2534 Perpetuo
307 2467 442 2520 celebrate
453 2465 559 2534 plausu.

90 2659 169 2714 Venti
181 2667 309 2715 sonantes
321 2659 429 2714 flamine
442 2659 558 2720 turbido,

90 2757 172 2823 (Nam
184 2756 271 2810 fertur
282 2756 331 2810 alis
343 2755 404 2824 plus
417 2755 475 2808 vice
490 2754 611 2822 simplice

124 2853 223 2907 Rnisse
237 2853 331 2906 vestris
344 2851 490 2906 obvolutus

161 2948 340 3016 Omnipotens
353 2963 400 3017 per
413 2947 494 3002 inane
507 2947 634 3014 vastum)
