1830 3216
110 455 152 508 ΙΝ
173 453 360 510 EDICTUM
380 453 500 508 REGIS
521 454 696 509 GEORGII
719 450 874 510 SECUNlil

151 589 203 641 DE
225 587 483 642 RECUDENDIS
504 587 667 642 NUMMIS
691 586 844 641 Aulidis.

98 783 199 835 Aruer
212 781 307 834 Jacobi
319 782 411 834 vultus
424 789 452 834 et
464 782 576 835 nomina
586 783 672 851 gessit

134 879 258 939 Lamina
279 879 328 932 sed
339 879 422 947 longo
431 880 487 948 jam
498 886 610 932 tenuata
621 879 675 931 die.

98 973 207 1028 Scilicet
217 990 313 1027 exesas
326 974 424 1043 injuria
435 974 565 1043 temporis
578 990 639 1027 oras

134 1071 240 1125 Sensim
253 1071 375 1132 corrosit,
390 1071 571 1139 diminuitque
583 1070 663 1123 latus.

96 1167 149 1220 Vix
160 1174 235 1235 patet
247 1167 312 1220 huic
324 1175 471 1235 sceptrum,
486 1167 532 1220 rix
544 1167 607 1220 huic
620 1167 800 1236 distinguitur
811 1165 877 1225 orbis

133 1264 297 1332 inscriptum
310 1263 431 1317 baudilii
442 1265 542 1317 lemma
554 1264 646 1318 videre
659 1263 732 1317 licet.

98 1363 141 1414 N'e
154 1361 228 1414 valor
241 1368 268 1414 et
280 1360 388 1427 pondus
401 1359 558 1412 decrescere
570 1366 696 1426 pergeret
707 1360 788 1422 ultra,

133 1457 206 1510 Huic
219 1472 329 1524 quoque
341 1455 465 1524 praecavit
478 1455 550 1523 regia
562 1471 628 1507 cura
640 1455 722 1508 malo.
756 1440 765 1455 '

96 1553 194 1607 Edicto
207 1552 301 1605 incudi
313 1552 411 1604 detrita
423 1552 587 1604 numismata
597 1550 676 1603 reddi

130 1648 225 1711 iussit,
241 1656 268 1702 et
281 1647 396 1716 effigiem
408 1648 479 1702 ferre
491 1664 586 1701 recusa
599 1662 708 1700 novem.

97 1749 157 1802 Nec
167 1755 258 1801 tamen
271 1747 359 1799 amitti
372 1747 445 1801 dices
455 1764 517 1800 curn
531 1746 642 1799 nomine
653 1745 787 1808 formam

132 1843 183 1896 Est
196 1850 223 1895 et
235 1842 324 1895 adhuc
338 1842 440 1904 vultus,
455 1843 502 1911 qui
514 1840 630 1909 pretiosa
642 1839 716 1893 facit.

198 2358 301 2412 PONS
323 2357 809 2426 WESTMONASTERIENSIS.

97 2565 209 2628 Trmsr,
225 2565 328 2635 regales
342 2567 389 2634 qui
401 2567 594 2635 praeterhberis
606 2583 691 2629 arces,

133 2665 222 2727 Quem
234 2683 265 2721 se
276 2667 458 2738 magnificum,
473 2668 589 2735 suspice,
604 2667 675 2720 tollit
687 2666 776 2736 opusi

84 2762 203 2825 Quanto
218 2784 286 2823 curn
299 2767 374 2824 suxis
388 2765 551 2821 coalescunt
560 2762 685 2828 uendere
694 2760 781 2811 mut

116 2863 186 2928 Quo
202 2883 288 2924 nexu
304 2864 482 2923 incumbens
495 2857 621 2913 susurru
630 2866 716 2904 arcui
726 2847 822 2900 <iuuet
