1830 3216
410 118 513 152 voruu.
826 100 861 148 59

62 258 127 319 Qua
138 273 237 311 nemus
249 258 416 319 umbrosum,
432 265 459 310 et
471 257 589 310 salientis
603 271 741 308 murmura
754 253 811 313 rivi,

98 352 168 406 Esto
181 354 208 406 in
222 360 378 421 conspectu,
393 353 441 406 sed
453 353 548 422 procul
561 359 628 414 esto,
644 368 725 405 mare.

62 449 194 504 Planities
202 450 290 520 juxta,
305 450 364 503 sinc
375 450 448 504 fossa
459 457 506 503 aut
518 465 590 517 sepe,
606 448 725 517 mihique

99 546 258 600 Porrectam
270 553 298 599 et
311 562 411 600 manno
424 546 470 599 det
482 545 598 614 spatiosa
610 545 689 598 viam.

62 645 154 713 AEquo
166 645 287 697 animum
300 644 420 712 imperio,
435 651 489 696 etc.

64 835 186 901 Flaccus,
203 837 355 900 Petrarcha,
371 845 398 891 et
411 844 533 891 veterum
545 837 612 890 liber
621 854 697 890 unus
710 844 737 890 et
749 837 816 889 alter

100 933 211 997 Adsint,
226 933 326 1003 ingenii
339 950 407 1002 quos
420 933 564 987 celebravit
576 932 671 986 honor.

66 1030 247 1085 Commendet
259 1031 371 1099 dapibus
383 1030 486 1092 melior,
501 1031 643 1099 potiorque
654 1030 747 1091 serina,

99 1128 216 1183 Fercula
227 1128 381 1196 simplicitas
393 1128 586 1196 munditiaeque
598 1145 666 1180 mea.

63 1225 154 1293 AEquo
167 1225 288 1278 animum
301 1224 420 1292 imperio,
436 1232 488 1277 etc.

94 1404 102 1442 l
126 1400 274 1463 Neptunum
284 1398 371 1462 procul
381 1413 396 1446 a
407 1397 482 1446 terris
494 1407 605 1462 spectare
618 1397 748 1446 furentem.
785 1398 863 1444 lanu.

265 1464 421 1512 lactantibus
432 1479 530 1526 aequora
541 1463 631 1519 ventis,

124 1531 145 1578 E
158 1538 233 1586 terra,
245 1545 361 1592 magnum
374 1528 476 1577 alterius
487 1538 599 1593 spectare
609 1527 726 1585 laborem,

263 1594 318 1642 Tua
331 1594 385 1642 sine
397 1601 467 1658 parte
478 1593 582 1657 pericli:

123 1660 182 1708 Non
196 1659 254 1722 quia
265 1659 350 1707 vexari
362 1675 501 1722 quenquam
512 1667 550 1707 est
557 1658 668 1720 Jucunda
679 1658 800 1723 voluptas,

124 1725 175 1774 Sed
187 1725 277 1788 quibus
289 1724 343 1788 ipse
355 1725 426 1773 malis
437 1740 528 1779 careas,
542 1724 599 1787 quia
609 1739 710 1772 cernere
723 1724 793 1772 dulce
806 1736 850 1772 est.

783 1791 865 1838 Luca.

88 1878 106 1904 ¹¹
125 1872 148 1920 A
169 1870 266 1920 famous
287 1871 378 1920 Italian
396 1882 463 1935 poet,
480 1872 534 1920 who
552 1871 687 1920 flourished
704 1871 730 1919 in
747 1872 788 1919 the
808 1871 864 1918 13th

58 1945 185 2000 century3
207 1934 239 1983 he
258 1951 307 1985 was
327 1952 373 1984 one
394 1938 422 1985 of
437 1937 478 1985 the
495 1937 550 1984 first
566 1947 685 1985 restorers
702 1938 731 1984 of
743 1937 864 2000 learning.

59 2002 117 2051 The
129 2001 220 2050 author
232 2001 260 2049 of
269 2001 318 2049 this
331 2002 401 2049 Wish
414 2003 457 2050 has
475 2004 556 2066 begun
574 2014 599 2051 to
616 2003 685 2050 write
698 2003 737 2051 his
751 2003 802 2060 life,
816 2003 865 2050 and

56 2067 164 2131 designa
177 2067 247 2131 (God
260 2066 367 2131 willing)
378 2068 405 2115 in
417 2084 431 2116 a
442 2068 511 2116 short
522 2068 581 2115 time
593 2079 618 2116 to
630 2068 729 2132 publish
741 2069 768 2116 it

93 2156 105 2182 ⁹
123 2148 220 2213 Accipe
233 2163 307 2205 nunc,
318 2148 397 2197 victus
409 2149 491 2197 tenuis
503 2164 557 2212 quae
570 2160 709 2213 quantaque
722 2165 805 2198 seeum

120 2213 232 2262 Afferat:
255 2214 378 2277 imprimis
389 2215 471 2263 valeas
483 2216 554 2271 bene,
565 2230 622 2263 nam
635 2216 709 2263 variae
720 2231 759 2262 res

123 2279 160 2326 Ut
171 2288 279 2327 noceant
290 2279 393 2337 homini,
406 2281 500 2335 credas,
511 2296 605 2328 memor
617 2280 684 2329 illius
697 2296 758 2328 escae

121 2344 186 2400 Qua
197 2343 305 2408 simplex
317 2344 376 2392 olim
387 2345 433 2393 tibi
445 2345 545 2393 sederit.
579 2347 614 2394 At
626 2347 699 2394 simul
712 2346 774 2394 assis

122 2409 258 2458 Miscueris
272 2409 345 2469 elixa,
357 2409 430 2457 simul
437 2410 566 2473 conchylia
578 2411 673 2459 turdis:

122 2474 216 2523 Dulcia
228 2490 254 2522 se
266 2474 293 2522 in
306 2475 381 2523 bilem
391 2485 496 2533 vertent,
509 2477 683 2540 stomachoque
694 2475 826 2524 tumultum

120 2539 203 2588 Lenta
216 2538 280 2587 ieret
293 2540 398 2603 pituita:
416 2541 484 2589 vides
496 2550 524 2590 ut
536 2541 642 2606 pallidus
657 2543 737 2589 omnis

120 2606 201 2654 Coena
212 2605 330 2669 desurgat
341 2606 430 2662 dubia;
450 2607 509 2669 quin
522 2623 611 2671 corpus
624 2617 738 2655 onustum

71 2681 75 2689 ·
123 2669 260 2718 Hesternis
271 2671 348 2728 vitiis,
360 2671 470 2719 animum
481 2688 577 2736 quoque
588 2683 724 2736 praegravat
736 2688 792 2731 una,

120 2735 205 2798 Atque
217 2735 295 2800 affigit
307 2736 377 2784 humi
389 2737 481 2784 divinae
493 2739 639 2801 particulam
651 2753 728 2785 aurae.
796 2739 870 2786 llum

89 2847 104 2870 ο
121 2842 189 2852 --
204 2816 244 2864 Ne
257 2823 329 2880 turpe
341 2817 409 2875 toral,
422 2834 455 2867 ne
467 2820 570 2872 sordida
584 2838 682 2889 mappa

119 2882 325 2940 Comagetoares,
339 2898 373 2930 ne
383 2899 435 2934 non
450 2896 476 2936 et
486 2890 632 2942 cantharus
645 2902 676 2942 et
685 2890 758 2942 lanx

110 2942 231 2988 Ostendat
241 2944 289 2991 tibi
300 2954 331 2992 te.
752 2959 851 3008 luuh&-
