1830 3216
128 728 181 779 AD
204 727 514 781 HEEMSKIRKUM.

61 963 148 1031 ngenii
159 963 301 1030 multique.
319 962 507 1024 Heemskirke‚
521 962 621 1030 leporis
632 961 639 1014 1

74 1058 197 1125 princeps
212 1056 392 1110 Batavorum!
412 1064 443 1110 ut
456 1065 538 1125 teque
550 1064 669 1127 tuosque

62 1162 107 1215 rat,
124 1161 151 1207 et
163 1155 219 1207 risu
231 1154 341 1206 laudare
352 1152 474 1206 labores!

64 1291 70 1310 ,
86 1259 116 1303 tu
130 1251 237 1303 veniam
245 1251 355 1303 conanti
367 1250 511 1303 indulseris
524 1267 635 1319 aequam,

62 1347 144 1408 tultis,
160 1347 183 1399 si
194 1346 250 1398 fors
258 1347 407 1398 imitamine
420 1347 513 1413 possit,

62 1461 82 1495 ·e
95 1444 122 1495 in
136 1443 255 1496 chartam
268 1450 355 1496 tentat
367 1461 428 1496 mea
440 1460 518 1496 musa
529 1443 648 1496 tabellas.

62 1557 145 1593 rasam
157 1548 299 1608 agrestem,
313 1540 453 1608 fixumque
466 1540 492 1593 in
503 1541 604 1608 pariete
614 1556 722 1594 carmen

62 1676 66 1696 ,
82 1637 235 1705 solidosque
249 1637 318 1689 duos
331 1643 358 1689 et
371 1644 487 1705 quatuor
495 1653 576 1698 asses,

66 1733 182 1799 pretium
196 1739 286 1800 potua.
327 1732 380 1785 Hic
393 1733 458 1786 civis
471 1734 570 1786 obesus

62 1846 67 1879 t
82 1828 173 1896 Belga,
189 1847 204 1881 a
216 1828 306 1896 lepido
319 1830 364 1881 cui
376 1830 478 1882 vertice
491 1836 569 1881 nutat

66 1923 160 1975 laevam
172 1930 329 1991 suspensus
345 1931 373 1976 et
385 1924 514 1991 amphora
525 1931 615 1977 totum

65 2021 167 2073 nudata
179 2021 269 2072 sinum
281 2028 460 2089 ventremque
472 2037 605 2087 capacem.

62 2124 138 2184 tupet
147 2117 191 2169 ille
204 2118 317 2178 inhians,
333 2117 466 2184 vultuque
477 2117 581 2170 fatente

62 2231 77 2273 ι,
93 2219 140 2264 aut
152 2220 260 2280 quassat
273 2219 361 2280 caput,
377 2219 425 2264 aut
438 2228 566 2280 quassare
579 2213 685 2265 videtur
698 2234 703 2262 :

62 2308 140 2368 ahiat,
152 2308 251 2360 frustra
264 2307 359 2360 solitos
372 2307 506 2360 desiderat
518 2304 650 2360 haustus!

62 2419 100 2455 rm
113 2419 239 2463 vacuum,
254 2409 336 2470 atque
348 2401 444 2470 ingens
457 2409 499 2454 est
512 2402 585 2454 intus
597 2402 686 2454 inane.

63 2517 85 2551 rs
97 2517 113 2551 a
125 2499 191 2551 socii
203 2505 280 2566 tergo
293 2504 442 2565 compotor,
459 2504 486 2549 et
499 2497 582 2550 imum

63 2613 68 2645 r
82 2594 212 2661 explorat,
227 2601 354 2661 tetroque
366 2591 513 2644 inamabilis
526 2609 574 2644 ore

63 2708 82 2741 n
96 2690 177 2742 deflet
190 2697 295 2750 testam,
308 2705 475 2756 vacuamque
484 2704 650 2740 crumenam.

63 2804 77 2838 o
91 2786 250 2852 interposito
263 2786 341 2837 binos
354 2785 435 2837 habet
447 2784 532 2836 altera
544 2792 649 2846 nautas,

63 2889 149 2933 rantes
160 2880 259 2933 chartis
268 2879 332 2949 quid
346 2879 434 2949 possit
446 2887 579 2950 uterque.
