1830 3216
55 351 100 403 IN
125 349 369 403 FENESTRAM
390 350 790 404 SEPTENTRIONALEM

126 462 221 513 FANl
248 461 725 517 WESTMONASTERIENSIS.

154 600 169 619 ‘⁶
181 596 423 651 --llenusceutuu
437 612 492 657 quae
497 599 548 656 jam
561 598 696 644 cecidere.”

20 748 182 802 Ausmusu
199 744 272 798 Petri
284 763 343 815 que
355 748 468 813 pulchre
481 747 614 801 illuminet
627 749 719 809 aedem,

59 841 202 894 Artificem
215 843 337 909 agnoscit
350 842 422 909 picta
433 842 552 894 fenestra
564 859 687 895 manum.-

21 938 153 991 Clrculus
166 937 276 990 illustris
289 954 395 990 summa
410 939 574 1007 splendescit
587 940 614 991 in
628 956 682 998 ora,

58 1033 149 1086 Divus
161 1034 309 1100 apostolici,
325 1049 388 1085 cum
402 1034 480 1094 duce,
496 1036 611 1103 quisque
624 1035 718 1089 chori.'

23 1129 155 1182 Coelestes
167 1129 241 1182 intus
253 1129 344 1188 facies.
360 1130 507 1198 vultusque
519 1130 646 1183 videntur

62 1224 182 1292 Aligeri:
203 1224 230 1276 in
244 1225 333 1277 medio
347 1225 426 1278 biblia
438 1242 513 1278 sacra
524 1233 627 1293 patent.

26 1321 116 1380 Quem
126 1323 196 1374 bene
207 1321 363 1379 miscentur.
376 1338 485 1390 suaper
498 1323 558 1375 loce
570 1323 693 1391 quisque,
705 1323 826 1377 colores!

62 1419 151 1478 Quem
164 1420 234 1470 bene
246 1419 403 1478 eaeruleum‚
418 1433 641 1486 purpureumque
653 1416 754 1472 decus!

26 1515 116 1574 Quam
129 1514 222 1568 lumen
236 1515 356 1574 solenne,
372 1521 400 1566 et
412 1530 491 1582 quam
505 1515 665 1567 venerabilis
678 1515 790 1567 umbra!

61 1611 235 1679 Spectantem
249 1618 280 1664 ut
292 1619 396 1664 recreet
408 1611 501 1664 lumen
513 1609 519 1663 l
542 1619 572 1663 ut
585 1613 681 1664 umbra
689 1610 783 1681 juvat!

27 1709 96 1769 Quae
107 1725 183 1776 paene
196 1709 298 1761 interiit
310 1710 407 1777 longos
420 1708 525 1775 picture
536 1724 584 1776 per
597 1724 691 1770 annos,

62 1806 155 1858 llluxit
167 1806 260 1859 bibulo
269 1805 325 1874 jem
340 1805 459 1858 rediviva
471 1805 557 1858 vitro:

23 1903 139 1971 Jamque
152 1919 247 1955 recens
259 1903 366 1964 iterum,
378 1902 434 1971 jam
448 1910 541 1955 nostra
553 1910 630 1955 aetete
643 1903 739 1956 revixit

61 2001 175 2062 Clarius,
189 2001 306 2069 antiquae
317 1999 404 2053 laudis
417 2007 445 2053 et
457 2000 521 2052 artis
534 2017 611 2068 opus.

170 2253 420 2308 ALEXANDER
441 2253 501 2306 ΕΤ·
516 2252 682 2306 XERXES.

26 2409 101 2464 lusu
124 2409 247 2473 Macedo,
262 2411 312 2464 sibi
324 2418 413 2464 totum
427 2410 474 2463 ubi
486 2409 666 2463 debellaverat
678 2408 783 2472 orbem„

60 2507 209 2576 Indignans
221 2507 301 2560 armis
315 2507 352 2559 nil
363 2523 508 2574 superesse
520 2506 576 2559 suis
588 2528 594 2557 ε

26 2604 85 2656 Flet
101 2603 215 2664 Xerxes,
231 2604 304 2671 quod
316 2619 398 2656 nemo
411 2602 467 2656 suis
480 2603 514 2655 de
527 2602 652 2662 millibus,
667 2608 729 2654 aetas

61 2699 188 2754 Proxima
200 2716 263 2752 cum
277 2700 375 2760 veniet,
391 2715 473 2752 nemo
485 2704 622 2767 superstes
635 2697 693 2750 erit.

21 2797 93 2846 Nolo
107 2804 173 2854 tues,
194 2795 315 2853 Macedo,
333 2797 488 2868 lacrymas:
510 2815 564 2869 ego
574 2797 664 2852 lanus
676 2796 811 2850 uolumus

40 2885 221 2946 Hammeum
245 2899 272 2943 et
287 2898 397 2959 tecum,
419 2899 520 2964 Persa,
538 2899 645 2955 (lulete
659 2896 744 2950 tulo.

731 2994 788 3048 au
