1830 3216
119 107 167 154 136
343 121 514 156 rrrrnerrruu
533 122 562 156 ru
581 122 691 157 cannia.

119 261 177 313 Nec
190 261 329 328 quisquam
343 278 375 313 ex
389 261 503 313 humero
516 259 648 312 contorsit
660 266 723 312 rete
736 259 846 313 sinistro.

154 356 260 408 Certius
273 357 387 409 incautis
400 357 516 425 piscibus
529 356 653 409 exitium.

120 453 192 512 Quid
205 459 294 505 tamen
308 451 364 505 hac
376 470 505 515 memoro,
524 453 623 506 Camus
636 469 702 506 cum
716 450 889 521 perfidusttn

154 547 313 600 Roussaeum
327 548 413 601 inviso
427 549 550 602 merserit
562 565 642 601 amne
654 565 739 602 suum
751 547 758 603 l

119 644 201 697 Hune
213 653 306 698 nostro
319 653 350 698 ut
363 646 458 699 reddas
471 646 544 707 coelo,
559 654 587 699 te
596 646 719 699 carmine
731 646 826 707 multo,

155 740 234 793 Alme
249 740 365 802 Charon,
383 742 491 794 Grantae
502 748 594 794 moeste
602 741 722 810 juventa
733 742 810 811 petit.

119 836 166 889 Sin
179 837 267 890 Parcae
279 838 429 905 prohibent,
444 846 472 892 et
481 838 652 892 inexorabilis
665 839 733 899 orci,

156 933 244 993 Quem
255 935 381 1002 petimus,
394 935 510 989 reditum
522 936 567 988 lex
579 934 687 988 inimica
700 942 790 988 vetat:

119 1028 180 1081 Hoc
193 1029 287 1081 saltem
300 1030 420 1083 concede
431 1049 438 1090 ;
457 1031 565 1083 admota
577 1030 611 1083 ad
623 1029 717 1083 littora
730 1030 833 1100 cymba,
911 1086 913 1103 Ι

155 1125 206 1177 Per
222 1125 345 1195 Stygium
359 1133 468 1179 nautam
480 1127 632 1189 transvehe,
648 1134 740 1189 nauta,
754 1126 848 1180 lacum
911 1160 913 1175 .

120 1223 178 1276 Neo
190 1239 283 1290 poscas
296 1222 424 1284 naulum;
444 1223 548 1277 loculos
560 1241 622 1277 nam
635 1225 715 1279 vivus
727 1225 820 1279 inanes

155 1320 254 1382 Gessit,
270 1327 297 1373 et
309 1320 380 1373 haud
391 1319 509 1382 obolum,
524 1337 605 1389 quem
618 1320 667 1375 tibi
678 1320 774 1382 solvat,
789 1319 869 1373 habet

121 1418 202 1478 Quod
214 1418 237 1471 si
249 1425 304 1470 tarn
316 1418 422 1470 crebras
434 1417 616 1471 transmittere
629 1424 657 1470 te
669 1417 744 1485 piget
757 1417 865 1474 umbras.

155 1514 190 1566 Et
199 1514 312 1582 longum
323 1513 432 1583 refugis,
447 1515 561 1582 portitor
573 1530 654 1575 unus,
667 1529 754 1581 opus:

121 1610 222 1678 Accipe
235 1611 313 1663 divisi
325 1610 429 1663 socium
442 1610 624 1678 comitemque
636 1609 748 1669 laboriosa

155 1707 264 1760 Divisus
277 1706 360 1759 levior
369 1706 416 1758 fiet
426 1706 534 1774 utrique
545 1706 629 1758 labor.

121 1805 199 1857 Adde
212 1805 284 1872 quod
297 1805 341 1871 (ut
352 1803 452 1856 similes
465 1803 541 1870 estis)
556 1802 730 1863 dubitabitur,
744 1808 835 1855 utrum

156 1903 299 1956 Roussaeus
311 1903 435 1971 geminus
447 1901 490 1963 sit,
504 1901 664 1969 geminusre
680 1900 796 1955 Charon.

271 2365 525 2419 EPITAPHIUM
546 2366 588 2419 IN
609 2366 761 2420 GANEM.

121 2549 259 2603 Pnurunrs
280 2551 324 2604 hic
340 2551 375 2604 lri
387 2553 526 2621 requiesco
541 2553 681 2624 Lyciscus,
697 2553 797 2615 herilis,

121 2646 194 2699 Dum
208 2648 269 2710 vixi,
284 2649 369 2701 tutela
381 2650 443 2717 vigil
456 2650 636 2718 columenque
648 2657 778 2711 senectae,

120 2743 185 2796 Dux
198 2761 267 2797 oaeco
280 2744 365 2797 fidus:
386 2762 444 2807 neo,
460 2763 503 2798 me
516 2748 641 2808 ducente,
656 2746 769 2808 solebat,

111 2841 254 2899 Praetenso
268 2844 332 2900 hinc
346 2852 431 2916 atque
441 2844 510 2899 binc
518 2843 630 2902 baculo,
639 2844 913 2908 periniqualocmun

95 2940 243 3000 Incertam
260 2946 415 3019 explorare
430 2944 526 3003 uiam,
544 2939 599 2994 sed
608 2935 795 2989 nascamus,
