1830 3216
409 105 511 142 TUEDA·

64 244 177 298 Solvere
189 245 309 299 naucleri
318 245 401 315 jussit
414 262 468 298 vox
479 245 567 299 ferrea
578 261 683 307 navem,

99 341 166 393 Vela
177 347 362 395 tumescentes
376 342 530 410 explicuere
543 343 632 395 sinus:

62 438 139 491 Dixit
148 444 272 506 uterque,
285 437 365 492 Vale:
380 438 541 508 etlacrymis
549 437 627 491 simul
639 437 861 499 osculamiscens,

100 535 213 588 Addidit
225 534 281 588 haec
293 536 418 604 gemitus,
435 536 479 589 ille
492 535 593 589 recline
607 543 696 604 caput.

62 632 151 685 lnvita
164 639 192 684 et
204 633 281 684 tarde
292 632 326 684 ad
335 638 434 686 terram
450 632 574 686 Susanna
584 632 696 694 recedit,

96 728 134 780 Et
147 728 227 781 nivea
239 727 344 796 repetit,
363 735 381 758 “
394 728 468 790 Vive,
484 727 626 798 valeque!’'
641 746 730 781 manu.

386 1219 533 1274 TUEDA.

61 1404 143 1464 Quas
156 1401 241 1469 aperit
254 1400 385 1454 veneres!
406 1412 487 1470 quam
503 1401 581 1454 Flora
589 1400 688 1453 arridet
700 1415 841 1461 amoenum,

98 1497 143 1549 Ad
156 1495 287 1564 placidam
303 1496 405 1549 Tuedae
417 1497 479 1549 lene
492 1496 602 1549 fluentis
615 1512 710 1564 aquam
723 1494 728 1547 l

59 1593 112 1645 His
125 1600 227 1655 tamen,
242 1592 284 1644 his
296 1593 411 1654 cunctis
426 1593 570 1646 formosior
583 1610 638 1645 una
653 1592 745 1652 Maria,

98 1689 188 1740 Natur
224 1688 325 1755 pariter
338 1688 421 1741 vincit
434 1696 462 1741 et
474 1689 539 1741 artis
555 1704 629 1756 opes.

61 1785 125 1837 Non
141 1800 209 1845 rosa,
225 1800 280 1837 non
294 1784 378 1846 violae,
393 1800 448 1836 non
462 1784 534 1852 picto
548 1784 667 1852 margine
680 1784 764 1845 bellis,

97 1883 224 1950 Totaque
236 1882 366 1942 luxuries,
382 1898 435 1950 qua
447 1882 564 1935 variatur
577 1882 692 1941 humus;

60 1980 135 2040 Non,
151 1994 211 2046 quae
223 1980 373 2047 subrepens
385 1978 483 2031 blando
496 1979 664 2031 interlabitur
676 1995 755 2046 agros

96 2075 231 2137 Flumine,
246 2082 301 2128 tam
314 2074 391 2129 suavi
408 2075 504 2128 Tueda
514 2075 611 2128 decore
621 2074 699 2126 nitet.

61 2268 144 2337 Sylva
156 2267 246 2320 choris
258 2267 348 2320 avium
361 2274 469 2321 resonat
481 2267 594 2328 vocalis;
615 2273 642 2320 et
655 2282 737 2319 omne

94 2364 252 2433 Virgultum
264 2363 404 2417 harmonia
415 2364 510 2427 lervel,
526 2370 553 2416 et
566 2380 648 2416 omne
661 2380 766 2416 nemus.

61 2463 179 2516 Miscent
193 2470 220 2515 et
233 2463 343 2516 merulae
355 2478 492 2524 numeros,
507 2463 679 2531 gemitusque
692 2463 845 2530 palumbes;

95 2560 223 2627 Desuper
236 2560 323 2613 airios
335 2560 408 2613 addit
420 2559 516 2612 alauda
528 2561 632 2612 modos.

61 2656 226 2709 Vernantem
239 2655 267 2708 in
280 2672 404 2723 campum
418 2672 525 2708 mecum
538 2656 681 2717 descende,
694 2656 812 2724 novique

94 2754 209 2817 Videris,
225 2760 256 2806 ut
269 2762 361 2821 surgat
373 2753 496 2822 primula,
511 2754 582 2807 veris
595 2754 695 2808 honos.

61 2850 133 2904 Dum
143 2850 262 2917 populus
274 2850 375 2904 circum
391 2860 484 2909 cantat
498 2863 657 2926 pennatus,
672 2852 771 2909 amori

84 2945 170 3002 Quam
181 2959 291 2999 mecum
305 2948 339 3000 ad
358 2949 494 3011 Tuedam
508 2957 597 3014 lerna
611 2971 725 3013 vacare
734 2943 854 3024 pom*-
