1830 3216
400 119 518 155 sunnon.
823 106 858 153 99

62 254 134 313 Hinc
148 276 247 329 queso,
263 260 333 313 hone
347 258 453 320 Phoebe,
469 265 543 310 tuem
557 257 685 326 dignosce
697 274 826 317 sororem,

62 352 98 408 Et
111 354 208 408 melius
220 371 349 407 venerare
362 370 459 408 meum.
500 352 561 406 Tua
576 352 694 422 Cynthia
706 353 787 420 longe

64 451 193 504 Maeendri
204 453 237 505 ed
251 453 328 520 ripas,
343 458 390 505 aut
402 451 501 504 summi
513 451 541 503 in
554 451 654 503 vertice
669 449 766 512 Latmi

62 547 208 610 versutum
229 557 321 602 nostre
333 556 374 602 est
387 564 463 601 soror
475 547 539 608 haee,
554 554 653 607 nostra,
667 547 761 616 inquit,
774 548 858 601 amice

132 653 173 699 est
185 667 191 697 ε

63 741 126 795 llaeo
139 749 249 796 nostros
261 742 360 810 promit
373 741 496 801 calamos,
511 757 659 809 arcumque
671 749 813 794 sonantem

60 837 197 899 incurvat,
215 836 387 906 Taurumque
399 836 499 898 colens,
514 837 687 905 placidosque
699 853 822 890 recessus

61 934 210 996 Lueorum,
225 951 294 1003 quos
306 933 375 987 ulma
387 934 463 1003 quies
475 934 587 987 sacravit
599 933 692 986 amori.

61 1031 102 1084 lte
113 1047 163 1100 per
175 1032 317 1085 umbrosos
330 1031 422 1091 saltus,
439 1031 584 1098 lustrisque
597 1030 639 1084 vel
656 1047 751 1098 aprum

60 1125 190 1180 Excutite
203 1126 357 1179 horrentem
372 1127 444 1186 setis,
458 1143 604 1180 eervumve
616 1126 748 1195 fugacem,

60 1221 161 1292 Tuque
172 1237 304 1290 sororque
317 1229 371 1282 tua,
387 1229 415 1275 et
428 1223 530 1276 directo
542 1223 655 1276 sternite
664 1223 754 1276 ferro:

59 1317 185 1371 Nobilior
197 1317 279 1379 labor,
296 1324 324 1370 et
336 1317 403 1370 divis
417 1317 571 1385 dignissima
584 1335 648 1370 eura

59 1413 162 1483 Meque
173 1412 331 1481 Chloenque
341 1421 445 1473 manen
460 1430 509 1467 nos
520 1415 601 1467 corde
610 1414 727 1466 humana
735 1414 854 1476 serimus,

58 1512 202 1566 vibrantes
215 1518 321 1564 certum
334 1510 441 1571 vulnus,
457 1528 507 1563 neo
517 1511 612 1564 inutile
625 1511 719 1565 telurn.

379 1889 550 1949 SERTUM.

57 2088 161 2141 Surrer
175 2090 292 2143 nemoris
305 2107 388 2144 suave
401 2100 442 2144 est
454 2092 637 2160 quodcunque
647 2091 689 2143 vel
703 2091 781 2151 horti,

93 2182 228 2253 Liliaque,
243 2193 270 2237 et
282 2185 373 2247 violas,
389 2186 574 2255 virgineasque
587 2203 676 2246 roses;

60 2281 144 2342 Quod
157 2281 339 2352 caryophyllis
352 2283 464 2351 pulchre
477 2284 601 2345 variotur,
617 2291 648 2337 ut
662 2292 742 2343 esset,

94 2377 229 2431 Ornatum
242 2378 321 2446 capiti
333 2385 438 2431 texeret
451 2380 524 2432 unde
539 2378 632 2433 Chloe.

57 2569 106 2623 llln
118 2571 209 2624 stetim
222 2571 362 2624 insertum
375 2579 464 2625 textos
479 2574 616 2641 imponere
628 2574 707 2627 flores

91 2666 211 2736 Dignata
223 2675 264 2720 est
276 2669 402 2736 pulchris,
419 2686 531 2723 munere
544 2671 610 2730 laeta,
626 2672 718 2724 cornis.

57 2766 95 2817 At
107 2781 199 2833 neque
211 2764 249 2817 sie
262 2764 363 2832 positis,
378 2766 400 2818 si
413 2765 522 2834 virginis
535 2784 581 2819 ora
595 2768 711 2829 videres,

92 2861 184 2914 Gratia
199 2859 344 2912 reltormae
353 2877 411 2930 per,
429 2864 472 2918 vel
487 2866 592 2933 odoris,
609 2876 681 2924 erut.
