1830 3216
69 113 121 161 230
355 120 409 156 rara
429 118 599 155 roaraarua.

72 263 152 316 Tune
165 275 257 328 peram
269 257 397 316 invertit;
417 255 597 323 fraudemque
611 271 732 310 exorsus
744 256 776 309 ab
787 271 831 310 oro

108 355 243 409 Gallinam
255 351 359 422 profert
370 351 556 420 aligerumque
568 366 693 420 gregem.

73 452 184 507 Cartala
192 448 286 519 (prohl
306 456 459 503 monstrum
466 447 487 517 l)
507 448 608 502 summi
619 450 657 502 ad
664 447 857 518 laquearirtaoi

109 547 248 609 Subvolat,
264 553 292 600 et
302 545 418 599 formam
427 545 505 613 jussa
516 545 634 612 capessit
646 546 714 600 avis.
758 561 762 570 ·

74 646 215 715 Spectator
226 644 303 698 laetus
316 643 391 696 videt
403 643 459 696 haeo
471 643 601 696 miracula
613 619 717 707 rerum,

110 743 147 795 Et
160 749 251 810 stupet
264 741 364 795 occulti
376 747 470 808 eaptus
482 756 575 792 amore
587 739 652 792 doli.

76 839 196 892 Multum
208 839 289 890 habet
301 836 410 904 ingenii,
425 836 544 888 multum
556 835 668 887 delusor
682 842 710 888 et
722 836 800 895 artis;

113 935 175 996 Qui,
191 933 313 986 simulac
325 932 410 1000 aperit
423 948 461 993 se,
477 930 543 983 nihil
555 930 620 984 artis
632 930 724 984 habet.

299 1222 377 1277 lRlS
397 1221 651 1276 PORTABILIS.

78 1409 211 1463 Corurorr
225 1416 252 1462 et
264 1408 363 1477 frangit
375 1408 463 1461 radios
475 1408 503 1460 in
516 1407 590 1460 mille
602 1408 709 1462 colores

112 1505 227 1568 vitrum,
243 1506 316 1573 quod
328 1505 403 1558 docti
414 1505 525 1559 nomine
536 1504 636 1572 prisma
648 1513 763 1567 vooant;

79 1601 196 1655 Coccina
208 1602 336 1663 ceruleis,
351 1601 454 1655 croceis
467 1601 643 1670 hyacinthina
655 1602 766 1664 distant,

114 1696 226 1764 Singula
238 1713 286 1765 per
298 1696 385 1748 varios
397 1701 537 1749 attenuata
548 1697 657 1764 gradus.

78 1792 228 1846 Dissimiles
241 1791 343 1844 umbris
355 1798 420 1844 sunt
433 1792 541 1852 umbra,
558 1797 585 1843 et
597 1791 669 1844 linea
681 1793 781 1861 quaevis

115 1888 280 1956 Languidior
292 1887 393 1941 sensim
405 1887 587 1955 contiguaque
600 1887 698 1941 minor.

79 1985 132 2038 Per
144 1985 183 2038 sic
195 1984 329 2052 disposita
341 1984 495 2037 discrimina
506 1983 582 2046 lucis,
598 1984 626 2036 in
639 1985 715 2037 omni

114 2081 257 2149 Depiotam
269 2079 338 2133 faeie
349 2079 483 2147 priamatis
498 2079 553 2131 lrin
565 2079 655 2133 habet.

307 2444 372 2454 -···
384 2431 480 2466 Lssvrus
492 2430 535 2464 ΠΤ
548 2428 706 2473 PATIENTIA,

209 2509 346 2562 QUICQUID
359 2519 514 2555 conmmanit
526 2518 574 2552 EST
587 2517 679 2552 NEFAS.

84 2665 250 2718 Cunumror
262 2665 290 2717 in
303 2680 392 2726 eavea,
406 2663 503 2731 laqueo
517 2677 597 2729 quam
609 2659 750 2728 prenderit
762 2671 858 2726 auceps,

119 2759 155 2811 Et
167 2759 237 2821 silet,
254 2766 281 2813 et
293 2758 379 2812 latum
391 2758 507 2825 lugubre
519 2757 606 2825 plorat
620 2755 685 2808 avia.

72 2858 105 2911 N
105 2875 136 2913 eo
148 2858 244 2928 placet
258 2863 397 2930 angustus
409 2869 514 2913 aarum,
527 2850 706 2917 quamlrniue
714 2851 792 2901 nmo

104 2959 211 3015 Aerias
225 2975 324 3030 nuper
337 2955 457 3028 juverat
466 2949 510 3002 ire
521 2944 592 2998 rma.
