1830 3216
228 123 343 163 nonnos
362 124 418 163 uon
438 125 502 162 rom
522 126 556 162 aa
575 125 701 162 ursano.
822 111 871 161 199

68 260 200 334 Marsque
214 263 384 336 Venusque?
412 268 467 321 ruit
482 267 616 321 Saturnus
629 284 692 321 cum
706 267 722 320 J
725 266 796 321 ove?
822 283 872 320 cur

140 376 196 414 non

67 453 193 508 Mundus
205 455 233 507 in
246 455 391 510 immanem
404 456 582 510 confunditur
594 456 663 525 ignis
675 453 826 510 acervum?

104 551 160 604 Sed
172 567 263 620 neque
275 552 434 606 crediderim
447 553 503 614 tibi,
521 552 607 615 Luna,
623 560 722 606 aterna
734 552 818 606 luisse

66 646 188 710 Cornua,
203 664 257 716 qua
268 665 328 702 sese
337 649 441 718 jactant
453 655 530 702 etate
542 649 645 716 priores

67 743 199 806 Arcades,
214 751 330 798 aeternos
342 760 372 798 se
385 744 475 799 dicere
488 745 593 812 parcius
605 746 672 798 ausi.

104 841 165 894 Nec
177 847 285 894 tantum
296 841 372 909 genti
384 841 493 895 affectes
506 841 640 895 ascribere
657 842 797 904 honorem,

67 935 339 998 (lambro-Britanno,
354 943 425 996 tuae3
445 935 509 989 satis
522 943 571 998 est,
582 937 656 1004 quod
668 936 741 990 mille
752 916 871 991 uirorum

67 1031 208 1100 Sanguine
217 1031 378 1100 junctorum
390 1049 549 1100 percurrere
561 1033 672 1085 nomina
683 1033 778 1101 possis,

67 1126 153 1187 Quod
166 1126 215 1179 tibi
227 1126 319 1180 nescio
331 1127 393 1195 quis
405 1134 572 1180 memoretur
588 1126 711 1194 Regulus
721 1135 823 1181 auctor.

102 1223 164 1276 Nec
178 1238 229 1276 nos
242 1223 332 1290 (siqua
343 1222 418 1284 fides,
434 1223 511 1290 siqua
523 1229 564 1275 est-
577 1222 728 1274 reverentia
739 1222 826 1290 lastis)

67 1317 167 1386 Longo
180 1317 323 1370 intervallo
336 1316 475 1370 communi
487 1333 504 1368 a
515 1317 598 1385 stirpe
610 1317 716 1379 remoti,

67 1411 158 1480 Stirpe
170 1412 221 1465 sibi
232 1411 349 1465 inflatam
363 1411 487 1465 consessa
499 1412 602 1465 coelitus
614 1429 716 1465 auram.

104 1507 143 1560 At
154 1507 252 1575 quibus
264 1507 320 1560 haec
333 1506 475 1560 homiuum
489 1522 634 1575 rerumque
647 1515 746 1561 aet-ema
759 1508 845 1576 figura

67 1604 203 1666 Creditur,
218 1604 246 1656 in
258 1603 439 1673 labyrintheis
451 1603 608 1671 ambagibus
627 1611 725 1656 errant.

67 1698 96 1753 si
108 1716 174 1761 non,
190 1699 263 1768 quod
276 1699 347 1753 dicta
360 1706 401 1752 est
414 1706 524 1761 aeterna,
539 1699 649 1752 aliunde
662 1701 764 1767 recepit

67 1793 205 1856 Materies,
219 1794 296 1847 Deus
306 1800 364 1854 est;
386 1793 464 1846 Deus
474 1799 523 1855 est,
533 1793 718 1861 quodcunque
728 1793 868 1855 videmus;

67 1888 128 1942 Nec
140 1888 192 1942 soli
204 1888 327 1958 AEgypto
341 1888 396 1941 divi
409 1894 558 1941 nascuntur
570 1888 599 1939 in
613 1887 709 1941 hortis.

103 1984 223 2045 Quodsi
235 1983 360 2036 materies
373 1983 465 2036 divino
479 1999 513 2036 ex
526 1983 640 2035 nurnine
652 1989 753 2044 manet,

67 2079 265 2147 Materiemque
278 2094 346 2146 opus
359 2094 510 2146 exuperans
521 2098 528 2138 c
548 2093 607 2145 quae
620 2093 708 2138 causa,
723 2091 848 2129 ooaevum

67 2175 125 2229 Cur
137 2173 215 2228 Deus
228 2173 300 2227 ultro
313 2174 463 2241 perliceret,
482 2188 565 2240 quem
579 2188 634 2224 non
648 2171 725 2240 regit,
742 2167 857 2224 orbem?

67 2272 112 2326 An
125 2286 191 2324 vero
203 2268 326 2322 inritus?
344 2268 404 2337 quis
417 2275 475 2321 erat
487 2267 535 2336 qui
547 2283 647 2335 cogere
659 2265 772 2333 posset?

66 2369 174 2436 Nempe
186 2366 290 2434 peregit
303 2381 381 2434 opus,
396 2364 472 2417 nullo
485 2369 611 2432 cogente,
628 2372 739 2417 coactus
750 2361 757 2415 1

65 2464 139 2518 Hinc
151 2463 211 2518 sine
222 2462 353 2530 principio
366 2460 494 2520 mundus,
509 2459 568 2512 sine
580 2458 635 2511 fine
654 2456 796 2511 moveturl

65 2559 207 2613 incassum
219 2556 333 2625 cupiunt
345 2557 477 2608 rationem
491 2554 602 2608 eludere
616 2553 714 2613 verbis,

66 2654 242 2722 Arbitrioque
254 2659 355 2721 negant
368 2651 452 2705 divini
464 2651 583 2704 numinis
596 2650 690 2702 orbern

64 2754 97 2812 ln
110 2754 186 2816 nihil,
202 2770 218 2806 e
229 2753 314 2807 nihilo
327 2753 500 2820 productum,
516 2767 597 2820 posse
609 2749 730 2807 reuerti,

56 2849 145 2901 Instat
155 2863 261 2901 summa
274 2849 334 2904 dies
347 2856 377 2904 et
390 2851 577 2907 ineluctabile
589 2857 721 2918 tempos,

45 2940 165 2992 Cernere
176 2959 240 2996 cum
254 2944 342 2999 fuerit
356 2950 533 3008 confectam
548 2957 643 3006 aetate
653 2948 820 3018 parentem
910 2980 912 2985 .
