1830 3216
183 607 236 661 AD
256 606 504 662 RUBECULAM
525 603 746 658 INVITATIO.

55 853 166 908 Hosrrrs
178 857 243 918 avie,
259 858 372 924 conviva
384 859 464 912 domo
479 858 629 927 gratissima
641 857 734 918 cuivis

92 951 183 1012 Quam
197 953 291 1006 bruma
302 954 447 1008 humanam
460 971 579 1024 quaerere
592 954 664 1023 cogit
676 970 763 1021 opem,

56 1046 118 1101 Huc
132 1047 165 1102 oi
193 1049 308 1120 hyberni
321 1051 408 1121 fugias
421 1060 452 1106 ut
463 1053 563 1122 frigora
575 1053 640 1113 coeli,

91 1143 226 1213 Confuge,
242 1154 269 1200 et
282 1148 425 1202 incolumis
438 1150 488 1202 snb
500 1148 556 1201 lare
569 1148 629 1200 vive
641 1163 719 1200 meo:

55 1243 136 1296 Unde
149 1251 225 1297 tuam
237 1246 353 1299 esuriem
367 1246 478 1306 releves,
493 1245 620 1298 alimenta
631 1244 755 1297 fenestrae

90 1340 243 1408 Apponam
259 1343 365 1411 quoties
378 1343 453 1411 itque
465 1342 588 1410 reditque
601 1341 658 1394 dies
669 1362 675 1401 ;
714 1405 721 1423 δ

55 1435 114 1491 Usu
128 1439 229 1492 etenim
242 1439 346 1502 edidici,
362 1441 435 1509 quod
447 1446 524 1507 grato
536 1439 663 1492 alimenta
675 1438 807 1505 rependes

89 1533 189 1596 Centu,
204 1551 264 1604 quae
276 1535 380 1589 dederit
393 1553 501 1604 cunque
513 1535 630 1604 benigna
641 1550 746 1587 manus,

54 1719 123 1777 Vere
137 1741 217 1786 novo,
233 1725 328 1792 tepidae
340 1727 442 1794 spirant
455 1743 517 1779 cum
530 1725 646 1779 molliter
659 1742 737 1786 aurae,

87 1821 124 1873 Et
137 1837 205 1874 suus
218 1822 245 1874 in
258 1824 351 1891 quavis
364 1824 458 1877 arbore
472 1831 566 1876 vernet
578 1822 673 1884 honos

54 1917 105 1973 Pro
118 1920 197 1973 libitu
210 1920 244 1972 ed
256 1921 332 1973 lucos
345 1921 446 1982 redeas,
462 1921 604 1989 sylvasque
620 1921 727 1981 revisus,

88 2018 166 2070 Laeta
179 2017 276 2085 quibus
290 2025 397 2070 resonat
410 2017 512 2070 musica
528 2034 629 2086 parque
641 2024 710 2070 tuae:

54 2113 99 2166 Sin
112 2114 222 2174 iterum,
237 2113 279 2165 sin
291 2111 361 2166 sorte
374 2114 479 2173 iterum,
495 2112 666 2166 inclementia
678 2114 778 2165 brumae

88 2211 132 2264 Ad
147 2227 208 2264 mee
220 2209 343 2263 dilectam
357 2217 428 2263 tecta
441 2211 552 2264 reducat
564 2227 649 2270 avem,

53 2306 129 2370 Esto,
144 2307 239 2368 redux,
255 2314 331 2375 grato
344 2323 448 2359 memor
461 2313 520 2360 esto
533 2306 681 2374 rependere
691 2313 772 2358 cantu

87 2405 199 2468 Pabula,
214 2421 273 2472 quae
285 2405 390 2458 dederit
401 2421 511 2474 cunque
523 2405 639 2473 benigna
652 2421 756 2456 manus,

54 2596 98 2650 Vis
110 2596 175 2650 hinc
188 2596 339 2658 harmoniae,
355 2613 531 2650 numerorum
543 2596 606 2650 hino
619 2613 693 2650 sacra
705 2602 823 2663 potestas

88 2694 270 2762 Conspicitur,
285 2711 420 2765 nusquam
432 2694 630 2767 conspiciende
638 2694 729 2764 mergis
737 2716 749 2754 κ

54 2790 160 2842 Vr'ncnla
172 2791 246 2858 quod
257 2793 360 2849 stabilis
374 2794 541 2855 firmissima
554 2797 651 2855 nectit
661 2792 783 2853 umoris»

74 2884 182 2938 Vincula
198 2887 243 2943 rix
254 2890 343 2968 longe
357 2899 557 2962 dissociande.
572 2904 633 2959 die.

780 3009 798 3044 x
808 2991 834 3039 ‘3
