1830 3216
317 116 387 152 men
406 116 472 152 lom
490 116 568 152 meli.
795 101 845 151 143

62 263 178 323 inantus
188 257 275 312 honos
287 261 345 321 arti,
360 274 408 328 per
421 275 501 328 quam
513 259 601 328 placet
614 258 671 327 ipsc
683 266 826 320 senectuo3

81 355 154 418 Quae
166 354 239 419 iacit,
254 362 285 409 ut
297 355 424 426 nymphis
435 355 589 410 invideatur
600 353 684 409 enus!

62 452 150 506 'ictori
163 451 235 505 cedit
247 467 306 519 quae
317 451 409 520 gloria,
424 467 488 505 cum
500 468 552 504 nec
568 451 658 520 Apelli

80 549 218 618 Majorem
230 547 328 601 famem
341 548 388 603 det
402 547 538 621 Cytherea
549 545 615 603 suoi

272 1216 373 1270 IDEM
395 1215 492 1269 AGlT
513 1213 623 1268 IDEM.

62 1411 191 1463 'nitente
204 1409 237 1462 ed
249 1409 389 1478 speculum
399 1409 470 1463 celtu
481 1407 585 1462 lascivit
596 1407 689 1470 herile,

83 1506 226 1560 Lascivam
235 1505 305 1559 saltu
316 1505 506 1574 feliculamque
515 1505 597 1558 videt.

62 1601 134 1671 ligre
146 1600 221 1655 videt
232 1602 335 1670 nigram
345 1622 353 1663 t
371 1600 474 1656 bicolor
485 1616 560 1663 naso,
574 1599 738 1672 bicolorem;

84 1699 243 1769 Glaucoque
255 1705 429 1768 torquentem
440 1698 552 1762 lumino,
565 1698 661 1768 glauce
672 1704 762 1753 tuens.

62 1796 85 1849 lt
96 1795 199 1850 sociam
210 1796 244 1850 ad
252 1795 329 1850 lusus
338 1795 418 1849 lentae
429 1786 616 1848 incurvemine
625 1795 716 1850 caudae

84 1893 228 1956 Provocat,
243 1900 271 1947 ct
279 1893 361 1961 lepidi
372 1892 521 1947 mobilitate
532 1892 618 1962 pedis.

62 1989 173 2058 ltreque
190 1994 334 2058 utromque
345 1988 461 2052 lacessit,
478 1996 505 2043 et
516 1995 632 2058 utreque
644 1989 733 2059 palpet
747 1996 846 2044 utram·

118 2101 191 2154 que;

83 2181 121 2234 Et
133 2181 216 2234 molle
227 2180 364 2250 oppositos
377 2181 491 2251 explicat
504 2181 675 2252 unguiculos.

62 2277 108 2332 'em
120 2284 210 2332 tumet
221 2277 249 2331 in
262 2285 377 2348 tergum,
393 2285 421 2332 et
432 2278 569 2334 simulatas
582 2279 676 2349 expuit
688 2279 756 2341 iram
814 2312 816 2319 x

83 2376 121 2430 Et
132 2379 230 2438 tumet,
245 2383 274 2430 et
282 2376 383 2431 similes
395 2377 489 2445 expuit
501 2377 596 2431 umbra
607 2377 702 2430 minae.

62 2473 181 2536 lumnam
193 2474 249 2528 haec
261 2475 304 2538 sit,
318 2474 401 2529 mima
410 2475 485 2531 unde
496 2475 540 2530 sui
550 2483 605 2529 tom
618 2475 732 2539 mimice,
745 2475 838 2545 querit

83 2570 164 2634 Folle,
179 2587 214 2624 on
227 2570 254 2624 in
267 2571 387 2640 speculo,
401 2579 463 2640 post
475 2571 662 2642 speculumne.
676 2572 736 2626 siet.

62 2669 91 2724 l'e
103 2684 222 2738 quoque,
236 2675 396 2738 praesentem
410 2685 534 2737 presens,
549 2684 630 2737 quam
642 2668 747 2737 quaeris,
762 2674 790 2721 et
802 2667 846 2720 illa

84 2765 196 2828 Quaerit,
210 2781 246 2818 an
258 2765 285 2819 in
298 2765 417 2835 speculo,
431 2773 493 2834 post
505 2765 689 2833 speculumne,
701 2764 763 2819 sies.

62 2864 186 2918 llterutta
197 2863 352 2916 alterutram
365 2863 518 2937 quaeritque
532 2873 563 2922 et
574 2865 701 2939 decipite
715 2864 807 2933 iique

66 2955 192 3006 Feliculae
201 2956 298 3020 semitis,
314 2963 392 3028 quod
401 2962 474 3023 sacis
487 2984 560 3034 una,
571 2968 651 3026 duae.
