1830 3216
291 107 416 160 SELLA
439 107 634 162 PACIFICA.

61 282 162 337 Urmrs
176 288 218 335 est
231 283 366 346 cathedra,
381 291 409 337 et
422 285 508 337 multo
521 285 726 352 superimminet
738 283 819 344 amni,

97 379 212 440 Rerum,
227 380 274 432 ubi
286 388 435 433 nascuntur
445 381 542 450 jurgia,
557 389 631 434 certa
643 382 732 440 salus;

60 475 207 529 Effraenem
220 476 329 529 cohibet
339 493 397 544 quae
411 477 538 544 linguam,
554 485 581 530 et
593 484 725 545 temperat
738 477 798 537 iras,

99 573 160 625 Nec
172 571 244 633 sinit,
259 576 291 623 ut
304 571 371 623 ratio
385 571 492 625 deserat
504 571 656 638 imperium.

62 667 95 721 ln
108 684 162 736 qua
177 667 313 734 Xantippe
325 683 497 734 quaecunque
509 667 678 734 immergitur
690 667 771 719 undis
795 668 797 671 ’

99 762 155 815 Ter
168 769 271 831 quater,
286 763 404 816 innocua
415 763 505 815 mitior
518 764 573 815 exit
585 781 646 816 ove.

63 857 123 911 Nec
136 858 283 926 quidquam
296 857 395 909 irarum
409 857 590 910 reminiscitur
603 857 664 918 illa;
683 858 783 910 furoris

99 954 169 1007 Tam
182 954 236 1007 cito
249 953 371 1007 defervet
383 954 424 1006 vis
436 954 572 1022 animique
585 955 694 1008 cadunt.

66 1050 138 1110 Quid
152 1050 233 1103 docet
245 1049 301 1102 hoec
314 1049 386 1111 sella,
402 1056 506 1103 attente
518 1050 692 1118 perpenderis
703 1072 710 1111 ;
731 1060 759 1103 et
771 1051 809 1102 nil

99 1146 264 1200 Socraticam
277 1146 350 1198 dices
362 1161 410 1212 par
422 1145 548 1199 docuisse
559 1146 688 1199 scholam.

61 1464 281 1521 pravarum
303 1466 356 1518 m)
381 1445 558 1521 summum
582 1465 660 1518 msr
681 1463 735 1516 ux
755 1462 862 1516 earn.

254 1592 371 1646 crpus
392 1593 477 1647 NON
500 1591 663 1646 POTEST.

60 1776 234 1828 Nswrouuu
248 1775 395 1844 ingentem,
410 1777 503 1830 lumen
516 1792 571 1828 non
586 1775 666 1828 unius
679 1774 736 1835 aevi,

100 1870 135 1923 A.
150 1870 180 1923 Β.
196 1887 254 1939 quae
267 1873 359 1926 docuit
372 1874 464 1941 prima,
480 1871 607 1940 magistra
617 1871 677 1923 suit.

60 1968 177 2020 Doctior
191 1968 235 2021 ille
247 1969 337 2021 statim
351 1970 450 2032 vetula,
470 1970 524 2022 cito
537 1970 623 2022 sensit
635 1969 709 2021 inani

101 2064 237 2124 Quiddam
250 2065 292 2117 his
303 2065 417 2118 literulis
429 2066 517 2134 majus
529 2066 619 2118 inesse
631 2082 708 2117 sono.

61 2160 193 2212 Protinus
206 2159 328 2227 egregios
342 2160 483 2213 elementis
496 2159 613 2227 repperit
627 2176 692 2211 usus
703 2180 710 2218 ;

99 2255 183 2316 Usus
198 2271 267 2322 quos
281 2271 419 2323 nunquam
433 2255 593 2323 conjiciebat
605 2270 683 2306 anus.

62 2351 209 2418 Notosque
221 2351 320 2418 ignotis
333 2367 462 2403 numeros
474 2349 598 2403 conferre
610 2349 721 2415 peritus,

101 2446 169 2499 inde
181 2452 330 2513 potestates
341 2445 440 2498 format
452 2445 575 2512 utrisque
588 2444 671 2496 datas.

62 2543 160 2596 Laudo
173 2548 262 2594 tamen
277 2541 376 2595 vetulae
389 2549 526 2612 praecepta
538 2559 573 2596 ea
580 2539 710 2611 primitia,
721 2553 839 2606 quiesque

87 2635 219 2687 Newtoni
232 2635 307 2691 haud
322 2639 454 2698 dubitem
468 2642 570 2698 dicere
581 2637 743 2708 Principia.

765 2736 784 2770 k
800 2732 820 2765 k
