1830 3216
212 479 412 535 EPILOGUS
434 476 675 537 cANTHARm

268 645 304 682 An
318 644 451 681 uanum
464 643 616 680 Anaarflos.

62 832 133 886 lrsau
145 838 300 900 peroratum
313 832 393 887 venio
405 831 570 901 paupercula
581 831 684 892 nutrix,
770 876 772 880 ,

78 928 212 996 Simplicis
224 936 252 983 et
265 929 375 982 mundae
388 929 538 982 sedulitatis
550 945 636 989 anus;

62 1025 175 1088 loribus,
191 1034 351 1094 ornatuque,
367 1027 487 1094 exceptis
500 1025 673 1093 excipiendis.

79 1121 104 1175 Α
117 1122 205 1190 capite
217 1124 251 1176 ad
264 1123 365 1177 calcem
380 1122 515 1175 Canthara
526 1137 708 1175 vera-mera.

62 1315 118 1376 tuin
141 1315 214 1376 adea,
238 1331 254 1367 o
277 1317 348 1369 bone
371 1315 500 1378 Fausta*
524 1323 551 1368 et
572 1332 617 1368 me
639 1331 748 1382 quoque
772 1312 845 1380 finge

185 1412 313 1479 puellam,

79 1506 234 1569 Pulchram,
244 1507 369 1570 habilem,
379 1508 539 1560 instructam
548 1507 621 1559 mille
630 1507 735 1574 placere
746 1507 842 1559 modis.

62 1604 143 1657 intea
154 1620 220 1655 num
233 1603 341 1656 fluitant
353 1621 368 1656 a
381 1605 482 1657 vertice
493 1603 594 1672 longa?
612 1604 738 1671 capillum

82 1700 156 1753 Num
170 1700 235 1752 mihi
247 1716 432 1767 compressum
445 1701 530 1754 multa
542 1707 682 1768 retorquet
693 1700 778 1754 acus?

62 1798 121 1850 lum
134 1797 246 1850 maculis
258 1798 346 1850 varior
358 1798 504 1866 majoribus
516 1804 598 1866 atque
610 1795 744 1850 minutis?

82 1894 194 1947 Collane
207 1911 373 1947 marmoreos
386 1895 475 1948 nudor
487 1894 521 1948 ad
534 1911 621 1964 usque
634 1894 731 1948 sinus?

62 1991 147 2058 lmplo
160 1990 274 2043 circuitu
287 2007 318 2044 se
329 1991 453 2044 sublevat
464 1990 712 2060 amphitheatrum?

82 2084 173 2139 Dicite
185 2092 298 2154 septeno
311 2102 377 2138 num
390 2092 443 2139 stat
455 2086 483 2138 in
496 2087 562 2140 orbe
574 2085 667 2154 rigor?

62 2275 86 2329 Jt
98 2292 147 2343 spe
158 2275 289 2329 lactamur
301 2273 413 2330 vetulael
434 2276 470 2328 nil
485 2277 589 2344 virgula
600 2276 718 2344 prodest,

84 2371 130 2424 Nil
142 2378 256 2438 prosunt
268 2379 347 2433 artes,
364 2372 485 2440 improbe
499 2372 607 2434 Fausto,
622 2378 684 2424 tuae.

62 2466 183 2520 lanthara
194 2466 291 2528 adhuc,
306 2468 400 2522 eadem
412 2484 472 2521 sum
488 2467 640 2521 Canthara:
660 2468 727 2521 vitta
739 2470 847 2538 tegebat

84 2561 182 2623 Canos,
198 2569 225 2616 et
237 2580 319 2616 canos
333 2579 406 2616 nunc
418 2580 528 2631 quoque
540 2564 607 2616 vitta
619 2565 694 2633 tegit.

62 2664 137 2712 lenta
149 2657 216 2710 mihi
228 2658 328 2725 pendet
340 2658 431 2719 vestis,
447 2674 505 2725 quae
513 2657 588 2711 lenta
599 2659 727 2726 pependit
737 2681 743 2719 ;

82 2753 120 2806 Et
129 2753 209 2820 pepla
220 2753 277 2821 ipsa
290 2753 394 2817 eadem,
410 2770 471 2824 quae
483 2755 617 2819 ruhuere,
627 2755 744 2808 ruham.

168 2911 182 2940 ‘
201 2910 337 2975 Megicam
351 2919 451 2971 Fausti
464 2922 609 2989 virgulam
616 2916 758 2977 intellige.
