1830 3216
204 134 319 172 HYMNUS
332 134 481 172 SECUNDUS.

321 292 371 329 xrr.

51 387 106 424 mra
118 388 180 425 cum
194 378 289 433 cesset,
305 387 355 424 neo
367 370 482 439 amplius
494 371 551 424 dies

51 477 160 538 rtesque
172 485 220 536 per
233 469 305 522 vices
318 484 400 536 opera
411 475 564 521 monstrent
582 474 637 529 tua,

51 582 109 618 mor
123 580 209 634 usque
222 581 276 626 eor,
292 553 352 632 quae'
366 563 486 632 gratiose
495 562 601 623 feceris,

51 661 128 715 eliter
141 661 262 714 revolvet
275 667 302 712 et
314 659 495 712 venerabitur.

314 765 377 800 x111.

52 845 114 898 lena
125 844 223 897 millies
234 860 282 912 per
294 860 350 896 ava
361 844 496 897 canticum

52 943 120 995 vebo
133 941 189 1003 tibi,
205 941 220 994 J
223 941 318 1003 ehova,
332 941 520 1009 gratitudinis;

52 1040 64 1099 i,
79 1035 114 1091 oi
132 1037 220 1098 nimis,
235 1036 315 1089 nimis
328 1043 370 1089 est
381 1036 479 1100 brevis,
495 1052 545 1091 nec
557 1037 682 1091 laudibus

61 1143 119 1188 tota
131 1133 229 1188 suffieit
240 1133 296 1187 tuis
308 1134 449 1187 aetemitas.

142 1518 312 1574 HYMNUS
333 1516 554 1573 SECUNDUS.

332 1643 351 1678 r.

52 1739 86 1776 aa
99 1730 164 1776 sunt
177 1723 256 1783 beati,
271 1722 327 1791 qui,
342 1721 359 1775 J
361 1722 454 1782 eham,
470 1728 498 1774 te
510 1718 622 1773 colunt!

52 1836 92 1872 am
105 1826 179 1872 certa
191 1827 251 1872 tute
264 1836 294 1872 es
303 1826 331 1872 te
343 1817 499 1871 verentibus
511 1813 599 1870 salus!

52 1933 111 1970 arna
123 1933 202 1970 mens
216 1933 263 1970 eos
275 1915 352 1984 regit,
368 1917 424 1969 dux
437 1921 465 1969 et
474 1930 574 1974 comes,

52 2015 131 2084 najor
143 2013 269 2067 omnibus
282 2020 401 2082 potestas
412 2013 531 2082 adjuvat.

326 2127 356 2162 11.

52 2207 142 2261 exteris
155 2207 254 2274 regnis,
269 2205 389 2274 locisque
402 2205 510 2267 dissitis,

52 2303 140 2356 tantia
151 2319 265 2356 securus
278 2309 306 2355 et
318 2302 408 2356 salvus
421 2310 475 2364 tua,

53 2401 61 2454 i
72 2416 122 2469 per
133 2399 253 2453 ardentis
262 2400 434 2467 peragrabam
447 2398 545 2466 plagas,

53 2497 208 2550 nsalubrem
221 2512 304 2550 sanus
317 2495 472 2549 hauriebam
484 2497 553 2548 aera.

320 2608 361 2644 ιιι.
390 2590 392 2595 ’

53 2705 76 2743 rs
88 2670 232 2756 per'omne
245 2687 337 2739 vultus
350 2687 449 2740 affulsit
462 2687 559 2746 solum.

53 2800 146 2854 rmque
158 2783 223 2837 iecit
236 2800 317 2835 omne
330 2783 395 2836 mihi
408 2790 439 2835 ut
450 2781 583 2842 arriserit;

53 2898 91 2935 tre
104 2881 265 2948 temperavit
282 2880 390 2948 Alpium
404 2881 488 2940 nives,

53 2976 142 3046 reique
155 2976 334 3046 complanavit
351 2978 442 3036 undas
456 2977 592 3051 aquaria.
610 2979 613 2982 “
