1830 3216
70 349 272 404 sonrnuno
293 348 418 403 anon
439 314 793 404 nrcnnoruiruusrs.

181 562 273 619 Sronrs
284 562 389 631 uspiam
402 562 526 631 angulus

110 657 161 712 Vel
172 659 199 711 in
213 675 323 712 recessu
336 658 449 729 sylvulae
461 659 505 713 vel
516 658 589 712 horti

183 756 327 810 Solitudini
340 763 431 817 vaoet;

112 853 161 914 Sit,
176 851 211 905 ol
232 853 266 905 sit
279 852 339 916 illic,
355 853 460 922 hospita
471 853 522 907 sub
532 853 637 915 umbra,

183 949 267 1003 Grata
279 950 386 1019 regibus
399 951 483 1019 quies

112 1045 169 1099 Sub
181 1045 231 1098 hac
244 1062 388 1115 parumper
399 1062 496 1115 agmen
511 1045 662 1099 aulicorum

184 1140 278 1210 Usque
291 1147 319 1194 et
331 1158 418 1210 usque
430 1141 591 1211 supplicum,

113 1238 170 1291 Sub
182 1237 232 1291 hac
242 1238 369 1292 molestas
380 1238 574 1306 gratulationes

185 1333 387 1387 coufluentium
401 1334 521 1404 undique

114 1431 292 1501 Refugeriut:
313 1438 371 1485 tum
385 1433 474 1486 verius
487 1433 565 1494 beati,

187 1528 302 1589 Quando
315 1530 423 1582 taedium
436 1528 531 1597 imperi

117 1627 294 1688 Semoverint,
310 1643 435 1696 onusque
447 1626 591 1696 dignitatis.

187 1725 296 1778 Grande
309 1724 374 1793 quid
387 1725 431 1778 vel
444 1742 557 1778 aureum
628 1708 631 1713 ⁴

116 1819 316 1887 Conspexeris?
336 1836 386 1873 nec
398 1820 465 1873 illud
478 1827 527 1882 est,
541 1836 592 1872 nec
605 1818 680 1881 illud,

188 1915 327 1984 Principes
340 1916 413 1985 quod
425 1922 522 1984 augeat
532 1937 539 1968 r

117 2012 266 2066 Prudentia
277 2013 324 2066 sed
339 2013 389 2066 rite
401 2019 581 2081 temperatum

188 2108 296 2170 Pectus,
312 2116 339 2161 et
352 2107 395 2161 sui
407 2114 503 2175 potens

120 2205 244 2273 Augusta
256 2221 341 2266 mens,
355 2204 429 2266 felix,
444 2204 552 2257 abunde
563 2203 636 2266 felix,

191 2301 223 2353 In
236 2302 343 2354 silentio
355 2318 431 2355 cesae.

120 2397 178 2450 Nec
191 2397 240 2458 his,
256 2397 364 2467 superbi
376 2413 444 2465 quos
453 2397 551 2466 juvant
562 2397 706 2459 tumultus,

192 2493 314 2547 Invidete
326 2494 465 2547 cellulam:

120 2590 263 2651 Fruuntur,
278 2606 384 2657 oequum
397 2595 446 2650 est,
461 2588 510 2642 hac
523 2588 597 2642 brevi
609 2588 710 2657 quiete,

193 2685 312 2755 Otioque
323 2685 444 2753 simplici,

109 2783 209 2840 Salute
222 2785 270 2857 qui
284 2803 333 2857 pro
348 2784 454 2840 civium
462 2783 598 2836 laborant.
