1830 3216
112 113 165 163 26⁶2
272 129 358 168 sonus
377 130 559 168 rnoraancua
578 127 630 163 aaa
649 125 755 163 AEREM.

115 266 150 318 Et
163 274 263 320 reserat
276 268 379 337 tepidas
393 268 525 338 Zephyris
537 264 690 320 labentibus
703 281 792 318 auras.

115 362 210 416 Aerias
223 362 295 416 calor
308 363 353 417 ille
366 363 433 425 vias,
447 371 475 416 et
489 380 547 415 rara
564 361 667 414 relaxat

114 455 290 524 spiramenta,
305 475 384 512 aures
397 459 504 512 sonitus
517 474 570 526 qua
581 456 703 510 lubricus
715 456 808 509 intret.

114 553 186 605 Tum
200 571 264 606 vero
278 555 354 608 reddi
368 555 474 616 deinde,
490 561 518 609 et
531 553 651 608 resoluta
663 552 768 614 referri,
823 588 829 595 ·

114 648 191 700 irrita
203 665 262 716 quar
273 649 359 718 frigus
372 651 508 703 taciturno
521 650 654 704 clauserat
665 656 755 710 antro,

112 743 148 796 Et
161 744 241 796 simili
250 745 306 812 jam
319 761 392 797 nunc
406 762 502 798 sensus
516 751 658 812 penetrare
674 743 772 811 figura.

148 840 207 892 Neo
220 857 296 893 mora
307 862 313 901 ;
333 858 363 894 se
376 843 463 910 primo
476 841 579 895 vinc'lis
593 840 721 894 exolvere
734 841 823 893 mollis

112 934 204 987 Turba
217 951 400 998 susurrorum,
415 936 614 1005 liquefactaque
626 934 742 988 stridere
755 942 849 989 tentat.

112 1031 227 1083 Addunt
241 1046 270 1084 se
283 1031 371 1086 socios
384 1033 511 1100 crepitus,
526 1031 673 1099 facilesque
685 1038 847 1098 sequuntur,

109 1125 275 1179 Jamdudum
289 1125 379 1179 emissi
400 1123 530 1179 Batavirm
542 1125 717 1178 femoralibus
729 1125 841 1194 amplis;

111 1219 250 1274 Continuo
263 1228 323 1274 toto
335 1221 425 1289 fragor
437 1222 528 1274 aridus
541 1221 663 1290 undique
676 1221 741 1274 caelo

111 1316 239 1377 Auditur,
254 1316 439 1384 strepitusque
451 1323 479 1369 et
491 1317 581 1369 inania
593 1316 669 1370 sibila
681 1316 788 1369 miscet.

86 1391 88 1394 ,
111 1410 178 1464 Mox
190 1412 300 1480 propius
313 1419 419 1474 tenues,
435 1429 486 1466 nec
495 1413 552 1481 jam
565 1412 688 1474 confusa,
702 1429 752 1481 per
764 1429 843 1466 auras

110 1505 219 1559 Circum
232 1508 314 1561 verba
325 1507 446 1561 fremunt
459 1530 465 1559 ι
486 1507 579 1560 vicinae
591 1507 695 1577 syllaba
706 1507 762 1560 fida

109 1602 135 1656 It
149 1619 240 1656 comes
252 1620 268 1655 a
280 1611 375 1672 tergo;
396 1620 447 1656 nec
459 1603 573 1672 longum
585 1611 703 1672 tempus,
719 1611 748 1657 et
760 1603 818 1672 ipse

110 1697 238 1752 Clarescit
250 1706 326 1752 certo
339 1707 422 1753 notus
436 1700 590 1753 discrimine
601 1717 700 1754 sermo.

144 1795 204 1847 Nec
217 1810 282 1847 vero
295 1794 400 1847 cunctis
413 1794 485 1847 idem
498 1795 578 1848 datur
591 1796 683 1848 exitus
697 1797 818 1857 umbris;

109 1890 234 1958 Namque
246 1890 321 1944 leves
335 1891 478 1945 verborum
492 1892 597 1953 animae,
615 1908 674 1960 quae
687 1892 793 1946 Gallica
805 1892 875 1946 fudit

108 1987 225 2054 Lingua,
237 1987 331 2056 fugam
343 1994 497 2056 properant,
513 1994 540 2040 et
553 1987 668 2056 fulguris
682 2005 768 2058 ocyor
779 1989 829 2043 alis

109 2083 196 2137 Ardet
208 2083 281 2137 abire
293 2084 391 2137 cohors
403 2084 485 2138 simul
498 2085 593 2145 omnis,
610 2092 637 2136 et
651 2085 761 2138 advolat
773 2102 862 2139 aures.

109 2183 147 2232 At
158 2186 260 2243 contra,
279 2180 401 2249 Hispano
414 2182 570 2250 quicunque
583 2182 703 2234 caducus
714 2183 749 2235 ab
762 2199 811 2235 ore

106 2275 205 2330 Exibat
218 2277 333 2340 sonitus
348 2278 425 2331 tardo
437 2278 500 2331 ferit
513 2294 614 2346 organa
625 2278 715 2346 pulsu,

106 2372 143 2426 Et
155 2373 229 2427 lenta
241 2374 286 2427 vix
299 2375 345 2428 vix
358 2392 421 2428 cum
433 2375 575 2444 majestate
588 2382 723 2428 movetur.

143 2469 243 2522 Navita
255 2469 278 2522 si
289 2477 393 2538 guttur,
409 2470 533 2522 nondum
546 2470 645 2523 aethere
658 2486 758 2522 raucus
770 2479 873 2539 aperto,

106 2566 267 2619 Tartareum
279 2566 432 2629 intendens,
448 2567 561 2620 comites
573 2567 690 2620 clamore
703 2567 800 2630 ciebat,

107 2661 240 2729 Agnoscit
253 2662 381 2714 reducem
394 2662 476 2730 longo
489 2670 550 2729 post
563 2668 686 2730 ternpore
697 2662 806 2726 fletum,

99 2757 277 2828 Miraturque
290 2756 374 2812 simul
384 2763 498 2827 questus
509 2757 650 2824 sociosque
664 2765 800 2826 receptos.

86 2855 179 2912 Forte
193 2874 291 2914 novus
302 2855 411 2917 turbat.
427 2852 601 2907 med'iainter
614 2852 722 2917 gaudia,
729 2853 845 2916 qulam

77 2954 183 3013 Corda
195 2975 310 3030 pavor;
334 2956 445 3013 saevire
457 2950 530 3012 ursi,
543 2946 688 3010 ralixd'ique
697 2943 832 2993 sidentur
