1748 3216
451 123 604 183 VOTUM

398 304 600 358 LECTORI
632 305 658 358 S.

133 550 227 609 Hrors
248 550 274 608 in
298 570 386 617 manu,
407 552 511 607 erudite
529 553 622 615 lector,
645 553 853 614 cantiunculom.

130 673 278 719 amatorum
297 664 425 732 suspiriis,
447 680 497 716 nec
520 670 706 732 compotorum
729 661 856 717 refertam

130 773 345 833 ciferationibus3
378 773 425 826 sed
448 771 578 841 gravitate
603 778 630 826 et
654 772 790 840 leporibus
815 779 871 825 torn

130 900 206 953 equo
238 888 420 950 temperatam,
448 887 502 933 tem
531 880 626 948 procul
650 898 666 933 a
689 879 766 934 senili
798 896 869 934 rem·

130 991 294 1052 morositate,
310 997 337 1043 et
349 990 383 1042 ab
395 989 501 1057 ineptiis
514 989 661 1057 puerilibus
673 996 728 1042 tom
738 988 855 1043 abhorre

131 1110 158 1155 et
177 1101 298 1158 alienam.
320 1107 351 1154 ut
365 1100 482 1170 juvenes
501 1099 606 1160 exinde,
628 1098 701 1168 quod
721 1098 873 1166 precipiam

131 1213 203 1282 quod
216 1211 341 1273 delectet,
357 1217 502 1278 excerpant
514 1210 643 1264 seniores.

169 1319 296 1373 Materies
314 1318 430 1388 hujusce
451 1318 581 1386 poematis
600 1335 632 1372 ea
649 1317 775 1371 humenae
793 1316 868 1371 felici

130 1428 318 1496 complectitur
341 1434 508 1496 argumente,
535 1428 568 1481 ed
594 1444 653 1496 quoe
676 1433 770 1480 nostra
795 1426 873 1480 omni

131 1544 207 1590 aetate
225 1537 318 1591 saltem
331 1536 539 1605 provectiorum,
559 1537 729 1590 contendunt
741 1542 814 1590 vote.

131 1645 309 1714 magnificum,
337 1645 403 1699 nihil
427 1654 625 1715 sumptuosum,
647 1645 713 1699 nihil
737 1645 849 1700 homine

131 1755 212 1808 dente
231 1763 259 1808 et
276 1757 348 1810 bono
367 1756 516 1824 iudignum,
536 1762 706 1825 praeoptatur.
747 1754 862 1824 Superv

132 1873 159 1917 et
182 1864 216 1917 ad
241 1881 310 1917 verae
333 1864 534 1933 jucunditatem
559 1863 622 1918 vitre
649 1880 703 1917 non
728 1862 862 1926 facientia,

130 1973 275 2040 pudiantur
299 1973 393 2027 multo.
433 1973 474 2026 Ec
503 1973 605 2027 scilicet
636 1972 750 2026 declinat
782 1979 861 2055 noste

130 2090 269 2137 eversatur
281 2088 385 2144 auctor,
400 2099 459 2152 quoe
472 2084 515 2136 vel
527 2083 647 2137 luxuries
660 2082 765 2146 vitiose,
779 2083 825 2137 vel
848 2107 868 2129 ιε

130 2192 234 2262 ignavia
255 2192 324 2246 solet
349 2193 521 2262 excogitare,
547 2193 611 2247 sctis
635 2194 740 2255 beatus,
768 2192 791 2246 si
814 2210 869 2263 gru
