1830 3216
167 144 340 183 aaraaanrorr
359 148 388 184 rra
408 149 512 186 canan.
689 137 738 194 137

57 281 120 335 rbios
133 290 257 351 regerent
269 299 371 353 passus,
386 286 498 356 vestigia
508 294 568 342 tuta

57 377 158 433 offenso
170 397 265 449 gressu
275 402 282 442 ς
301 381 476 452 gelidumque
487 384 572 439 sedile

57 493 62 523 ι
74 481 169 529 nactus
181 492 255 539 saxo,
270 492 323 546 qua
335 479 555 546 pretereuntium

59 586 162 639 equens
174 572 312 636 confluxit,
324 573 360 627 ibi
372 573 530 644 miserisque
542 576 667 631 tenebras

58 667 89 730 is,
104 676 267 738 noctemque
279 670 365 724 oculis
377 671 490 739 ploravit
499 672 629 726 obortam.

57 781 60 813 ;
72 780 123 817 nec
134 763 246 827 frustm
266 767 376 821 obolum
388 767 463 822 dedit
474 767 542 822 alter
554 776 582 822 et
593 767 669 832 alter,

57 861 121 913 orda
133 867 161 914 et
172 868 291 916 mentem
303 862 436 917 indiderat
448 871 545 918 natura
553 864 707 934 benignam.

58 973 68 1010 e
80 956 184 1011 interea
191 959 265 1028 jacui
276 959 381 1028 sopitus
392 959 486 1023 herile,

58 1052 97 1107 liis
108 1054 173 1123 vigil
184 1054 211 1108 in
224 1056 342 1118 somnie;
361 1056 395 1109 ad
404 1056 499 1110 herilia
505 1055 583 1126 jussa

58 1167 84 1205 re
96 1157 178 1220 atque
190 1152 310 1206 animum
322 1159 451 1215 arrectus,
464 1168 514 1206 aen
525 1151 642 1208 frustula
650 1153 736 1207 amice

58 1253 64 1298 t
76 1247 216 1316 sociasque
227 1249 318 1317 dapes,
332 1264 382 1302 seu
393 1249 475 1317 longa
487 1248 540 1302 diei

58 1358 192 1412 erpessus,
208 1344 324 1398 reditum
337 1344 387 1397 sub
399 1350 481 1398 nocte
492 1344 609 1412 parabat.

58 1455 121 1501 ares,
137 1437 193 1492 haec
206 1440 261 1492 vita
271 1437 332 1502 luit,
347 1439 413 1493 dum
426 1439 481 1493 iata
492 1439 625 1503 sinebant,

58 1552 115 1604 ique
125 1535 285 1606 languebam
298 1535 405 1599 morbis,
420 1552 471 1589 nec
483 1535 570 1590 inerte
579 1543 697 1598 senecta,

58 1634 128 1687 idem
141 1634 267 1703 obrepsit,
282 1633 422 1704 veterique
434 1634 548 1688 satellite
558 1650 658 1688 caecnm

63 1731 216 1786 dominum:
236 1732 317 1801 prisci
328 1732 377 1786 sed
386 1732 471 1801 gretia
480 1731 545 1785 facti

59 1827 182 1891 intereat,
193 1829 290 1897 longos
299 1829 387 1882 deleta
399 1845 447 1897 per
458 1844 553 1891 annos,

58 1943 73 1978 n
86 1926 159 1979 hunc
174 1925 234 1980 Irus
243 1925 379 1980 tumulum
392 1925 427 1980 de
439 1925 540 1994 cespite
550 1923 624 1988 iecit,

58 2023 102 2091 pis,
118 2041 173 2077 non
185 2024 302 2093 ingratae,
318 2023 480 2078 munuscula
489 2023 606 2084 dextram

58 2141 61 2167 ε
73 2120 242 2189 signavitque
253 2119 336 2184 brevi,
352 2120 547 2188 dominumque
559 2135 707 2188 canemque

58 2224 179 2281 remoret,
202 2217 341 2287 fidumque
362 2233 457 2271 canem
473 2217 668 2287 dominumque
685 2218 730 2271 be·

58 2329 125 2368 rum.
