1830 3216
356 123 385 158 IN
406 123 563 159 MILTONUM.

166 263 245 316 ‘Mors
258 269 285 315 et
297 263 480 333 sepulchrum,
496 266 592 327 cedite,
612 267 708 328 cedite,

168 359 270 413 Vinclis
281 359 392 421 solutis;
406 377 468 413 nam
482 362 595 414 moritur
607 363 697 425 modo,

204 455 243 508 Ut
255 456 352 518 vincat,
368 464 396 510 et
409 457 494 510 victor
506 459 622 526 resurgit

241 553 284 605 Ad
297 569 409 621 superos
423 553 507 617 Deus,
523 560 554 607 ut
566 554 722 623 triumphet.

147 870 190 924 m
211 839 397 924 namnum
418 870 568 924 cauom
589 871 770 932 saeuum,

368 994 439 1055 Mau
453 1011 534 1048 xxix.

59 1114 122 1173 'Lux
134 1115 206 1169 alma
218 1122 246 1169 et
259 1132 349 1169 cresso
361 1132 468 1185 semper
480 1116 609 1184 signanda
620 1117 708 1185 lapillo
722 1123 771 1178 est,

94 1210 199 1272 Carole,
215 1225 277 1279 quae
289 1210 379 1279 regnis
392 1219 427 1272 te,
442 1211 490 1265 tibi
501 1227 584 1281 regna
597 1213 686 1272 dedit;

60 1306 127 1368 Quae
140 1324 196 1361 non
209 1314 240 1360 ut
252 1323 359 1376 semper
370 1307 460 1375 patrie
473 1324 557 1375 vagus
569 1309 633 1361 exul
644 1311 752 1363 abesses

93 1404 184 1466 Passa,
199 1404 273 1457 dedit
285 1404 409 1457 manibus
421 1404 511 1457 debita
522 1411 627 1472 sceptra
638 1406 701 1458 tuis.

59 1501 121 1562 Qun
133 1501 224 1555 scelus
237 1501 388 1555 extinctum
401 1502 493 1571 positis
506 1501 627 1556 civilibus
639 1504 727 1565 armis,

94 1599 157 1660 Qua
168 1597 245 1651 furor
257 1604 284 1650 et
297 1598 371 1651 dirus
383 1598 522 1650 seditionis
534 1615 617 1651 amor.

59 1698 84 1751 0
102 1699 173 1759 date,
190 1697 244 1759 Dii,
259 1703 388 1750 sacratam
401 1696 517 1749 habeant
531 1696 601 1750 hanc
614 1714 701 1766 usque
714 1705 842 1766 nepotes;

92 1796 132 1851 Ut
144 1812 211 1848 auus
224 1794 287 1848 huic
295 1793 351 1847 luci
362 1794 405 1853 sit,
421 1794 490 1856 date,
505 1810 611 1861 semper
623 1794 719 1848 honos.

50 1893 200 1948 Caroliden
212 1892 260 1945 lux
274 1908 328 1944 una
340 1891 422 1952 dedit,
436 1891 485 1944 lux
497 1891 613 1944 reddidit
625 1908 694 1950 una;

90 1991 190 2053 Dicite,
205 2006 272 2043 num
282 1989 369 2058 majus
382 1989 446 2057 quid
459 1989 532 2042 dedit
544 2005 600 2048 ,una
613 1989 688 2043 dies?

310 2234 351 2287 lN
373 2233 601 2288 MlLTON'UM.

53 2377 194 2433 Manuos
206 2373 323 2442 antiquis
336 2371 433 2426 venisti
441 2373 575 2432 ,moenibus
588 2371 685 2438 hospes

28 2488 31 2493 ’
49 2475 113 2529 Jaru
125 2472 245 2531 tandem,
261 2470 401 2539 nitidoque
412 2484 507 2537 graves
520 2469 546 2520 iu
560 2484 693 2520 marmore
706 2468 797 2521 vultus

50 2571 151 2640 Erigis,
166 2584 183 2621 o
196 2569 288 2630 decus,
303 2584 320 2621 o
333 2567 401 2620 tanti
412 2566 471 2620 laus
484 2566 585 2635 optima
597 2562 677 2618 tectil

51 2669 112 2723 Nec
122 2666 183 2721 talis
196 2666 283 2735 prisco
298 2664 454 2719 Chaucorus
467 2664 592 2717 conditur
604 2663 699 2729 ingens

50 2766 84 2820 ln
97 2762 207 2820 tumulo
218 2769 302 2831 pater,
317 2768 364 2814 aut
376 2760 449 2814 vario
462 2759 645 2813 modulamine
657 2758 743 2811 dulcis

50 2864 213 2932 sponsetur,
229 2876 284 2914 non
296 2865 354 2912 arte
365 2875 450 2927 parea,
466 2874 521 2910 nou
535 2855 623 2908 divitis
637 2854 734 2907 haustu

50 2959 174 3015 Castalio
186 2965 272 3020 tanto,
286 2956 414 3024 liquidive
426 2955 567 3026 aspergine
580 2952 674 3008 fontis.

746 3072 767 3106 ll.
