1830 3216
436 119 486 169 211

289 374 600 436 CONSPICILLUM.·

58 544 175 596 >uniens
189 559 223 598 ax
235 545 329 608 oculis,
344 560 413 614 quos
425 563 468 600 ars
480 545 584 600 invenit
598 554 625 600 at
643 562 717 608 usus,

77 637 133 691 Per
145 655 213 707 quos
226 641 408 708 conspicimus
420 658 463 694 res
475 658 568 709 prope,
584 658 682 710 resque
694 642 789 710 procul
799 662 807 703 r

58 733 220 788 {ommodius
233 735 300 788 nihil
312 744 361 798 est,
377 736 444 789 nihil
456 744 498 790 est
510 737 668 805 praesentius
680 737 741 800 illis,

78 829 224 898 Impositos
236 847 302 884 naso
315 849 384 900 quos
395 831 453 885 iere
466 833 581 901 quisque
592 834 670 901 gerit.

58 926 123 986 lunt,
139 926 186 993 qui
198 927 373 994 temporibus,
390 944 425 980 ue
437 928 515 981 balba
527 945 543 981 e
556 945 621 981 nare
633 927 788 996 loquantur,

79 1021 161 1089 affigi
173 1022 277 1074 malunt
289 1021 346 1075 haee
356 1022 442 1074 vitree
450 1023 557 1075 auxilia.

58 1117 123 1179 lunt,
139 1119 237 1186 quibus
249 1119 276 1171 in
290 1120 385 1172 dextra
399 1120 498 1173 vitrum
511 1120 686 1188 praetenditur
702 1136 807 1180 unum;

79 1214 118 1266 Hi
130 1221 195 1268 sunt
208 1231 240 1267 ex
253 1215 313 1273 illis.
329 1231 397 1283 quos
409 1217 495 1284 pudet
507 1233 567 1270 esse
579 1233 668 1270 senes.

58 1311 134 1364 lamo
146 1327 230 1379 sagax
243 1312 327 1379 magis
340 1320 382 1365 est
394 1314 564 1381 exploratore
576 1330 720 1375 novorum,

79 1407 151 1461 Cum
164 1408 232 1460 vitra
244 1409 270 1461 in
285 1425 351 1462 naso
363 1405 461 1478 gestet,
477 1411 563 1464 inore
575 1412 689 1463 tubum:

58 1503 94 1558 lis
106 1504 212 1572 pollens
224 1504 313 1566 armis,
328 1504 369 1558 his
381 1505 424 1573 adj
429 1505 558 1558 utrieibus
571 1505 660 1565 armis,

78 1599 180 1651 Arcani
193 1599 258 1652 nihil
272 1607 322 1661 est,
337 1600 411 1668 quod
423 1600 549 1653 subolere
561 1600 666 1669 nequit.

58 1694 213 1764 ldjumenta
224 1694 298 1748 domi
310 1694 365 1747 haec
378 1695 401 1747 si
412 1694 468 1748 fors
480 1695 594 1748 fortasse
607 1695 749 1763 relinquat,
829 1684 833 1691 ⁴

78 1790 191 1843 Frustra
202 1789 252 1843 sub
265 1789 357 1843 cubito
369 1789 451 1842 biblia
462 1796 551 1858 portat
564 1806 649 1844 anus:

58 1887 153 1940 lxcidit
166 1903 199 1940 ax
212 1884 311 1948 animo,
325 1885 456 1955 nihilique
469 1893 511 1939 est
523 1887 619 1940 eoneio
631 1894 690 1941 tota

80 1982 117 2035 Ni
129 1988 211 2050 eaput
223 1989 251 2034 et
263 1998 381 2044 versum,
396 1995 490 2035 secum
499 1981 589 2045 habet,
604 1968 679 2036 unde
690 1990 778 2036 notet.

57 2077 137 2132 nduit
148 2077 258 2130 alternis
268 2077 423 2145 psalmodus
436 2084 463 2130 et
476 2079 552 2133 exuit
564 2078 633 2130 infra

79 2173 211 2235 Clericus,
225 2174 336 2230 alternis
348 2181 380 2227 ut
391 2174 471 2243 legat,
486 2181 572 2243 utque
584 2180 671 2227 canat.

58 2268 147 2323 'ollice
157 2267 174 2301 ⁴*
194 2276 261 2322 tune
273 2269 368 2323 habuit
379 2287 517 2338 suspensa,
532 2270 642 2338 obliqua
650 2271 740 2323 tuenti

80 2365 152 2418 Cum
165 2365 276 2420 niveum
289 2367 409 2420 ostendit
421 2367 542 2436 nympha
553 2382 651 2434 sopora
663 2366 762 2418 sinum.

58 2461 163 2514 rumina
174 2461 219 2514 eui
230 2461 368 2529 languent,
380 2461 474 2514 multis
483 2461 646 2514 hebetantur
658 2467 686 2513 et
697 2460 783 2520 annis,

81 2557 207 2618 Quatuor
220 2563 251 2608 ut
262 2555 337 2619 fiant,
351 2556 432 2610 addat
444 2557 477 2609 ab
489 2562 547 2609 arte
559 2555 623 2608 duo.

58 2652 103 2714 lui
114 2653 174 2707 vult
186 2659 307 2721 argutus,
323 2653 370 2721 qui
382 2653 441 2706 vult
453 2653 578 2707 oculatus
590 2652 691 2714 haberi,

79 2748 112 2801 In
126 2748 214 2816 eapite
226 2748 270 2802 hio
282 2748 377 2802 oeulos
388 2755 485 2818 gestet,
502 2755 530 2802 et
542 2749 569 2803 in
581 2747 683 2801 loculo.

69 2903 82 2926 ⁶
102 2893 164 2940 Vide
177 2893 303 2954 picturam
315 2896 378 2947 Gul.
390 2899 528 2965 Hogarth,
542 2917 604 2965 quae
621 2888 892 2965 sopitamlep'xb'xss'x-

58 2969 66 2999 r
77 2954 197 3003 describit
207 2962 449 3023 congregationem,
