1830 3216
293 146 296 152 ·
365 133 520 170 utimum.

65 275 140 328 rdua
152 291 232 343 quarn
243 275 320 344 justo
332 276 434 343 pendet
446 275 585 328 libramine
598 271 699 326 molesi

76 371 144 432 Qua
155 379 244 438 partes
256 371 359 425 haerent
370 372 490 439 partibus
503 367 658 423 harmonia!

62 479 131 530 tuos,
148 485 237 531 cerne,
251 469 285 521 ed
298 485 436 528 numeros,
451 471 484 522 ab
497 468 600 521 utrovis
613 468 712 528 littore,
726 466 827 519 sensim

78 563 153 617 Sunt
164 580 246 631 supra
257 565 371 617 acclives
382 563 580 631 alterutrinque
592 560 656 615 viaei

62 658 141 710 'ontis
153 667 284 725 aperturae
296 674 376 726 quem
389 658 489 711 distent
501 657 606 725 legibus
616 658 706 726 equis,

79 752 208 805 Exterior
221 753 320 820 quaevis
332 753 461 806 interiore
471 753 559 805 minor
569 751 576 806 i

62 849 129 903 [unc
142 849 206 902 artis
218 850 391 918 splendorem
403 851 482 911 inter,
497 850 565 902 nihil
577 850 689 916 impedit
702 850 797 911 undas,

83 945 182 1006 Quove
194 945 284 999 minus
296 945 416 1013 placidus
429 945 472 998 vel
484 945 635 998 taciturnus
648 961 701 998 ecs.
772 931 773 934 Ἴ

62 1041 93 1095 iil
105 1042 155 1095 tibi
166 1041 327 1095 descensum
339 1043 472 1095 acceleret
479 1063 486 1103 ;
507 1058 563 1095 non
576 1041 685 1094 vorticis
696 1041 767 1095 ullus

81 1137 213 1205 Impetus,
229 1137 256 1190 in
269 1153 387 1206 praeceps
399 1138 474 1191 unde
485 1137 607 1190 serantur
619 1153 703 1205 equoe.

62 1233 138 1286 ‘luxu
150 1233 230 1296 idem,
243 1234 349 1287 refluxu
361 1234 441 1297 idem,
456 1234 611 1287 lenissimus
619 1233 707 1288 amnis

83 1330 253 1384 Incolumem
262 1331 359 1384 subtus
371 1331 478 1393 sternis,
493 1339 524 1384 ut
536 1338 608 1394 ante,
623 1331 709 1384 viem=

62 1428 121 1482 ieris
134 1427 264 1481 indicium
276 1427 376 1490 saec’lis,
391 1444 446 1496 quo
458 1428 579 1496 principe
592 1435 667 1482 tanta

83 1524 150 1578 Haec
163 1524 212 1578 tibi
224 1525 342 1579 surrexit
353 1525 446 1594 gloria,
460 1524 528 1578 liber
541 1525 602 1579 eris.

338 2121 564 2176 MILLIARIA.

62 2297 208 2335 nonninuu
220 2297 237 2332 a
247 2277 351 2333 Grenta
362 2278 486 2348 pergenti
499 2277 538 2344 (in
552 2294 617 2345 pace
630 2278 758 2346 quiescat,

89 2377 146 2438 Qui
158 2376 260 2445 posuit)
274 2382 359 2444 quota
370 2375 424 2428 sint
437 2373 526 2435 miliia,
542 2390 606 2427 saxa
618 2380 722 2427 notant.

62 2474 111 2528 iarn
124 2489 190 2533 non,
204 2471 343 2539 adpatrins
356 2470 425 2523 edes
439 2468 585 2530 rediturus,
600 2467 728 2521 alumnus

88 2570 203 2623 Incertae
214 2567 337 2636 queritur
349 2565 427 2618 taedia
439 2564 507 2617 dure
519 2564 575 2616 viae.

62 2667 112 2720 Iam
126 2681 190 2725 non,
208 2662 337 2716 Fulmerii
348 2661 455 2715 deserta
466 2677 515 2728 per
527 2676 634 2729 aequore
643 2659 737 2728 campi,

69 2776 71 2780 ⁴
91 2759 195 2820 Quaerit
207 2758 255 2811 ubi
266 2757 364 2818 villum,
379 2755 561 2823 conspicietve
573 2755 695 2808 domurn.

62 2860 143 2918 Quem
155 2863 240 2922 roget,
256 2862 382 2908 occurret
394 2853 490 2910 nullus
504 2854 531 2910 si
541 2853 731 2914 tortenintnr,

73 2948 174 3000 Certus
185 2948 214 3000 in
226 2948 343 3005 incertis
357 2952 447 3010 rebus
459 2953 578 3010 amicus
590 2953 692 3009 uuest.
