1830 3216
366 758 596 813 ClClNDllLA.

81 948 135 1002 Son
148 964 212 1014 sepe
225 946 354 1014 exiguum
367 954 417 1008 est,
431 963 483 1000 nec
495 963 555 1000 raro
567 947 594 1000 in
608 947 733 1017 margine
745 951 819 1018 ripa,

116 1042 231 1109 Reptile,
247 1043 321 1109 quod
334 1042 407 1095 lucet
419 1049 509 1104 nocte,
525 1041 624 1110 dieque
635 1042 712 1105 latet,

79 1137 185 1191 Vermis
198 1136 280 1189 habet
292 1136 419 1204 speciem,
434 1137 482 1189 sed
494 1135 576 1190 habet
588 1136 741 1192 delumine
754 1155 862 1198 nument

117 1233 155 1286 At
167 1233 279 1300 priscae
290 1231 362 1284 fama
373 1248 429 1284 non
442 1232 536 1300 liquet,
550 1232 624 1284 unde
636 1232 730 1287 micet.

80 1328 208 1396 Plerique
220 1346 236 1380 a
248 1328 334 1381 cauda
346 1327 463 1380 credunt
473 1327 620 1395 procedere
632 1327 745 1389 lumem

117 1425 176 1478 Nec
189 1426 297 1486 desunt,
313 1423 429 1477 credunt
443 1423 490 1491 qui
500 1423 610 1476 rutilare
622 1431 714 1492 caput.

83 1522 151 1574 Nam
164 1537 275 1589 superas
289 1520 379 1574 stellas
393 1537 452 1587 quae
464 1536 520 1572 nox
532 1519 663 1582 accendit,
679 1528 708 1575 et
720 1521 760 1575 illi

117 1617 229 1670 Parcam
242 1618 336 1670 eadem
348 1616 439 1669 lucem
453 1616 506 1677 dat,
521 1615 690 1684 moduloque
699 1633 805 1685 parem.

81 1714 205 1768 Forsitan
217 1715 270 1768 hoc
283 1713 403 1783 prudens
416 1713 503 1765 voluit
515 1719 611 1766 natura
623 1713 723 1776 caveri,

118 1811 161 1864 Ne
174 1811 244 1879 pede
256 1809 316 1878 quis
330 1809 399 1861 duro
412 1809 507 1876 reptile
521 1815 692 1862 contereret:

81 1904 223 1974 Exiguam,
239 1906 266 1957 in
279 1903 399 1957 tenebris
411 1919 447 1955 ne
460 1918 583 1970 gressum
596 1903 749 1959 offenderet
759 1906 839 1968 ullus,

117 2002 255 2056 Proetendi
267 2000 354 2054 voluit
365 1999 478 2053 forsitan
491 1999 535 2052 illa
546 1999 643 2053 facem.

82 2100 145 2154 Sive
158 2114 239 2151 usum
252 2097 326 2150 hunc
338 2102 436 2148 natura
448 2112 553 2163 parens,
565 2111 614 2148 seu
627 2097 724 2151 maluit
736 2098 822 2159 illurn,

118 2195 200 2248 Haud
212 2194 312 2247 frustra
323 2208 437 2246 accensa
449 2198 491 2244 est
502 2191 559 2252 lux,
575 2192 696 2260 radiique
708 2193 773 2248 dati.

82 2293 181 2347 Ponite
194 2308 241 2344 vos
254 2292 347 2352 fastus,
363 2289 479 2343 humiles
493 2305 544 2341 nec
554 2289 681 2355 spernite,
696 2292 805 2360 magni,

121 2388 237 2451 Quando
250 2387 332 2440 habet
345 2392 372 2439 et
386 2385 528 2438 minimum
542 2384 645 2451 reptile,
661 2388 735 2453 quod
748 2389 838 2443 niteat.
