1830 3216
292 283 301 308 h

275 408 458 462 PAUPER
490 406 752 466 JOHANNES;

349 525 479 561 POCULUM
493 525 532 560 SIC
545 523 652 559 chTUM
665 527 671 558 :

311 632 721 681 COLL.TR1N.GANT.

413 747 608 784 nouonarurr.

115 865 238 918 lusreurs
252 866 323 919 sama
335 868 454 936 scyphus
468 874 517 929 est,
534 873 561 920 et
574 866 732 935 splendidus
746 882 807 925 usu,

152 960 207 1020 Qui
219 978 299 1013 suum
312 963 345 1015 ab
358 961 509 1030 inscripto*
525 962 644 1014 carmine
657 977 758 1014 nomen
773 961 859 1019 habet,

115 1057 275 1110 Nocturnus
287 1060 383 1112 studiis
396 1075 469 1126 saepe
480 1059 526 1112 ille
538 1060 653 1129 adjutor,
669 1058 797 1110 alumnus

151 1151 221 1206 Cum
235 1154 309 1207 solus
322 1154 421 1207 fruitur
435 1172 465 1208 se
477 1155 632 1222 fruiturque
643 1153 736 1206 libris:

115 1248 175 1302 Nec
188 1267 279 1303 comes
291 1252 422 1318 ingratus,
436 1259 539 1320 paetum
553 1268 616 1319 curn
628 1250 727 1303 leniter
740 1249 838 1310 haurit,

151 1346 187 1398 Et
199 1345 285 1398 reficit
297 1362 358 1399 sese
369 1347 461 1400 lentus
474 1347 558 1399 odore
570 1347 637 1399 tubi.

116 1442 154 1494 At
167 1458 223 1494 non
238 1441 397 1494 immodicos
409 1442 514 1508 potanti
527 1441 625 1494 sufficit
634 1441 766 1499 haustus;

153 1535 284 1588 Mensura
295 1537 409 1605 cyathos
422 1536 466 1588 vix
479 1543 626 1604 superante
639 1536 717 1588 duos.

118 1631 279 1699 Quanquam
293 1648 344 1684 nec
356 1632 458 1692 titulos
471 1639 499 1684 et
510 1632 582 1684 avita
593 1632 709 1698 insignia
721 1630 841 1697 praefert,

152 1726 212 1779 Nec
224 1727 288 1794 quid
301 1733 445 1794 paupertas
458 1726 612 1780 ambitionis
624 1726 706 1778 habet
718 1747 725 1785 ;

117 1821 176 1874 Nec
191 1821 379 1889 Barringtonio
390 1823 490 1875 similes
503 1828 623 1875 ostentat
634 1822 763 1882 honores,

153 1899 324 1987 Cristamque
336 1926 363 1972 et
376 1927 494 1980 scutum,
510 1920 756 1988 sanguineamque†
770 1934 895 1970 manum:

118 2015 203 2082 Atqui
215 2015 297 2068 animi
309 2017 444 2078 memoris,
459 2017 583 2084 gratique
596 2026 637 2069 est
650 2016 768 2083 pectoris
781 2016 880 2074 indexr

152 2109 202 2162 Est
215 2110 295 2162 etiarn
307 2111 335 2162 in
347 2127 430 2177 parvo
442 2128 557 2164 munere
570 2112 657 2164 dantis
670 2127 755 2163 amor.

47 2216 49 2220 ⁴
118 2205 236 2257 Nomina
248 2222 311 2258 cum
325 2207 426 2275 majora
438 2207 548 2277 scyphis
562 2207 684 2259 exederit
697 2213 769 2267 aetas,

153 2301 212 2354 Nee
225 2303 351 2355 distincta
363 2304 419 2355 suis
432 2320 483 2356 nec
496 2304 670 2356 memoranda
682 2303 773 2361 notis;

117 2396 223 2463 Pauper
236 2397 376 2450 Johannes
389 2399 456 2451 seris
470 2399 612 2451 testabitur
624 2399 710 2459 annis,

152 2494 248 2555 Versu,
264 2511 344 2562 quem
359 2495 481 2562 simplex,
497 2496 545 2548 sed
558 2496 609 2562 pia,
624 2511 703 2547 musa
715 2496 806 2555 canit;

118 2591 181 2643 Non
195 2608 255 2644 esse
267 2592 372 2659 argenti
385 2593 500 2659 pondus,
516 2592 590 2659 quod
603 2591 682 2653 dona,
697 2592 746 2643 sed
761 2608 822 2644 esse

153 2686 288 2740 Donantis
300 2695 429 2749 mentem,
446 2704 505 2755 quae
516 2687 635 2754 pretiosa
646 2679 727 2737 iacit(

144 2827 156 2854 ⁰
177 2829 333 2880 [ascribitur
345 2828 436 2896 poouio
446 2827 496 2874 hoe
507 2826 646 2873 histruhonz

172 2903 189 2925 “
200 2900 305 2966 Pauper
316 2896 332 2948 J
336 2899 466 2952 ohannes,
476 2894 561 2941 hictus
571 2895 723 2963 aequumne
730 2896 868 2949 §harusam

197 2968 282 3018 Hunc
296 2966 426 3034 cyathum
439 2963 509 3011 hono
522 2966 688 3020 gratuitoque
698 2956 790 3002 hebor·

124 3035 138 3094 i
165 3031 453 3102 Insignebaronetti.
