1830 3216
310 112 392 150 LUCIA
410 114 445 148 m·
466 114 535 149 CORY
541 111 604 148 DON«

49 260 73 283 ‘¹
84 251 154 307 Vota
167 252 241 314 mihi,
256 251 272 304 J
275 251 378 312 avenis,
394 251 444 303 soli
457 249 522 302 mihi
534 249 643 310 credita,
659 249 734 301 nulla

90 348 153 403 Oh!
181 348 291 401 alienari
304 346 459 400 conditione
473 344 552 398 sinas.

53 448 93 498 At
105 461 197 514 neque
209 451 249 505 tu,
264 444 348 511 virgo,
363 443 461 495 blande
474 458 547 494 nunc
560 441 653 494 oscula
665 441 783 500 dantem,

91 542 175 603 Quod
187 549 253 594 tuus
266 546 307 592 est
320 540 411 600 hodie,
426 539 526 592 dixeris
539 555 599 592 esse
611 545 700 591 tuum.

10 638 13 643 '
50 639 175 707 dungere
188 654 247 690 cras
259 637 360 690 dextrae
372 637 494 689 dextram
506 636 655 704 properatis
667 643 791 704 uterque,

90 734 126 786 Et
137 734 218 803 ,tarde
231 732 334 785 interea
345 733 455 785 creditis
468 732 507 785 ire
519 733 599 785 diem.

57 831 175 884 Credula
186 829 253 898 quin
267 829 349 898 virgo,
361 828 471 897 juvenis
483 829 548 897 quin
561 828 671 896 perfide,
686 835 800 897 uterque

91 910 174 987 Scite,
189 927 260 994 quod
276 936 303 979 et
315 926 386 993 pacti
400 925 485 978 Lucia
496 926 573 978 testis
586 925 645 977 erit.

57 1266 74 1289 ¹⁴
86 1260 222 1327 Exangue
235 1257 287 1311 ohl
313 1258 383 1320 illuc,
400 1257 521 1320 comites,
536 1258 639 1311 deserte
652 1259 772 1320 cadaver,

92 1355 157 1416 Qua
169 1355 254 1407 semel
266 1352 320 1406 oh!
345 1354 443 1408 iterum
457 1355 670 1422 congrediamur,
685 1355 737 1413 ait;

55 1448 185 1504 Vestibus
198 1457 308 1502 ornatus
321 1450 488 1518 sponsalibus
502 1450 553 1512 ille,
570 1458 704 1518 caputque

91 1548 155 1617 Ipsa
167 1547 329 1616 sepulchrali
341 1547 431 1600 vincta
443 1549 579 1616 pedesque
592 1548 686 1601 stola.’'

55 1642 141 1706 Dixit,
158 1651 186 1697 et
198 1643 481 1697 occubuit-delatum
494 1660 618 1713 exangue
630 1645 750 1706 cadaver,

93 1742 158 1804 Qua
170 1741 254 1795 semel
267 1742 293 1794 in
307 1742 418 1809 longum
432 1743 671 1810 congrederentur,
687 1748 761 1796 erat:

56 1836 186 1892 Vestibus
198 1845 309 1891 ornatus
322 1838 491 1906 sponsalibus
504 1838 556 1900 ille,
573 1846 707 1906 caputque

92 1936 142 1989 Illa
154 1934 316 2002 sepulchrali
329 1935 418 1988 vincta
430 1936 568 2003 pedesque
581 1934 658 1988 stola.

62 2277 123 2337 Quo
135 2276 269 2329 thalamos
281 2276 336 2329 ritu
348 2277 441 2329 credas
453 2277 611 2330 celebrarier
624 2276 708 2330 istos!

94 2372 133 2426 Ut
149 2372 279 2441 Corydon
288 2372 370 2425 animi
382 2373 558 2427 discruciatus
571 2372 644 2426 erat!

63 2468 146 2523 Lucia
159 2469 207 2522 ubi
218 2469 347 2521 exanimis
357 2469 450 2537 jacuit,
466 2470 554 2523 coiere
562 2470 702 2538 juventus,

95 2567 131 2619 Et
144 2573 203 2619 tota
215 2566 242 2619 iu
254 2566 335 2619 fletus
348 2564 409 2618 villa
421 2565 510 2618 soluta
518 2565 579 2618 suit.

64 2663 207 2732 Extemplo
215 2663 346 2732 juvenem
359 2664 454 2731 pudor,
470 2663 516 2724 ira,
532 2663 641 2724 insania,
656 2663 747 2716 luctus

94 2759 236 2821 Distrahit‚
251 2768 279 2811 et
290 2759 367 2812 furiis
380 2759 530 2828 exagitatus
541 2775 616 2812 amor
627 2780 637 2819 ·,

64 2855 212 2923 Pallideque
223 2855 390 2941 humectans
400 2860 503 2932 gelidis
515 2862 676 2919 sudoribus
688 2875 751 2920 ora,

78 2949 202 3005 Perridr'ae
212 2954 354 3024 ingemuit
370 2967 524 3035 conscius,
543 2976 578 3025 et
589 2963 717 3024 cedidit.
